<?xml version="1.0" encoding="UTF-8"?><Document xmlns="urn:iso:std:iso:20022:tech:xsd:camt.053.001.04"><BkToCstmrStmt><GrpHdr><MsgId>2026022555918228</MsgId><CreDtTm>2026-02-25T16:50:06</CreDtTm><MsgPgntn><PgNb>1</PgNb><LastPgInd>true</LastPgInd></MsgPgntn></GrpHdr><Stmt><Id>2026022555918228</Id><ElctrncSeqNb>37</ElctrncSeqNb><CreDtTm>2026-02-25T16:50:06</CreDtTm><FrToDt><FrDtTm>2026-01-01T00:00:00</FrDtTm><ToDtTm>2026-01-31T23:59:59</ToDtTm></FrToDt><CpyDplctInd>DUPL</CpyDplctInd><Acct><Id><IBAN>CH3400788000050770303</IBAN></Id><Ccy>CHF</Ccy><Ownr><Nm>BECO - titulaire BERRA Nicole</Nm><PstlAdr><AdrLine>1203 Genève</AdrLine></PstlAdr></Ownr><Svcr><FinInstnId><BICFI>BCGECHGGXXX</BICFI><Nm>Banque Cantonale de Genève</Nm></FinInstnId></Svcr></Acct><Bal><Tp><CdOrPrtry><Cd>OPBD</Cd></CdOrPrtry></Tp><Amt Ccy="CHF">4246.37</Amt><CdtDbtInd>CRDT</CdtDbtInd><Dt><Dt>2026-01-04</Dt></Dt></Bal><Bal><Tp><CdOrPrtry><Cd>CLBD</Cd></CdOrPrtry></Tp><Amt Ccy="CHF">1477.47</Amt><CdtDbtInd>CRDT</CdtDbtInd><Dt><Dt>2026-01-31</Dt></Dt></Bal><TxsSummry><TtlNtries><NbOfNtries>71</NbOfNtries><Sum>23424.9</Sum><TtlNetNtry><Amt>2768.9</Amt><CdtDbtInd>DBIT</CdtDbtInd></TtlNetNtry></TtlNtries><TtlCdtNtries><NbOfNtries>22</NbOfNtries><Sum>10328</Sum></TtlCdtNtries><TtlDbtNtries><NbOfNtries>49</NbOfNtries><Sum>13096.9</Sum></TtlDbtNtries><TtlNtriesPerBkTxCd><NbOfNtries>24</NbOfNtries><Sum>5600.5</Sum><TtlNetNtry><Amt>5600.5</Amt><CdtDbtInd>DBIT</CdtDbtInd></TtlNetNtry><BkTxCd><Domn><Cd>PMNT</Cd><Fmly><Cd>ICDT</Cd><SubFmlyCd>AUTT</SubFmlyCd></Fmly></Domn></BkTxCd></TtlNtriesPerBkTxCd><TtlNtriesPerBkTxCd><NbOfNtries>23</NbOfNtries><Sum>5102.25</Sum><TtlNetNtry><Amt>5102.25</Amt><CdtDbtInd>DBIT</CdtDbtInd></TtlNetNtry><BkTxCd><Domn><Cd>PMNT</Cd><Fmly><Cd>ICDT</Cd><SubFmlyCd>OTHR</SubFmlyCd></Fmly></Domn></BkTxCd></TtlNtriesPerBkTxCd><TtlNtriesPerBkTxCd><NbOfNtries>2</NbOfNtries><Sum>2394.15</Sum><TtlNetNtry><Amt>2394.15</Amt><CdtDbtInd>DBIT</CdtDbtInd></TtlNetNtry><BkTxCd><Domn><Cd>PMNT</Cd><Fmly><Cd>ICDT</Cd><SubFmlyCd>STDO</SubFmlyCd></Fmly></Domn></BkTxCd></TtlNtriesPerBkTxCd><TtlNtriesPerBkTxCd><NbOfNtries>20</NbOfNtries><Sum>8628</Sum><TtlNetNtry><Amt>8628</Amt><CdtDbtInd>CRDT</CdtDbtInd></TtlNetNtry><BkTxCd><Domn><Cd>PMNT</Cd><Fmly><Cd>RCDT</Cd><SubFmlyCd>AUTT</SubFmlyCd></Fmly></Domn></BkTxCd></TtlNtriesPerBkTxCd><TtlNtriesPerBkTxCd><NbOfNtries>2</NbOfNtries><Sum>1700</Sum><TtlNetNtry><Amt>1700</Amt><CdtDbtInd>CRDT</CdtDbtInd></TtlNetNtry><BkTxCd><Domn><Cd>PMNT</Cd><Fmly><Cd>RCDT</Cd><SubFmlyCd>OTHR</SubFmlyCd></Fmly></Domn></BkTxCd></TtlNtriesPerBkTxCd></TxsSummry><Ntry><Amt Ccy="CHF">120.9</Amt><CdtDbtInd>DBIT</CdtDbtInd><RvslInd>false</RvslInd><Sts>BOOK</Sts><BookgDt><Dt>2026-01-05</Dt></BookgDt><ValDt><Dt>2025-12-30</Dt></ValDt><AcctSvcrRef>ZV20251231/431878</AcctSvcrRef><BkTxCd><Domn><Cd>PMNT</Cd><Fmly><Cd>ICDT</Cd><SubFmlyCd>OTHR</SubFmlyCd></Fmly></Domn></BkTxCd><NtryDtls><Btch><NbOfTxs>1</NbOfTxs><TtlAmt Ccy="CHF">120.9</TtlAmt><CdtDbtInd>DBIT</CdtDbtInd></Btch><TxDtls><Refs><AcctSvcrRef>ZV20251231/431878/1</AcctSvcrRef><InstrId>128171</InstrId><EndToEndId>NOTPROVIDED</EndToEndId></Refs><Amt Ccy="CHF">120.9</Amt><CdtDbtInd>DBIT</CdtDbtInd><AmtDtls><InstdAmt><Amt Ccy="CHF">120.9</Amt></InstdAmt></AmtDtls><RltdPties><Dbtr><Nm>NOTPROVIDED</Nm></Dbtr><Cdtr><Nm>BECO - titulaire BERRA Nicole</Nm><PstlAdr><AdrLine>1203 Genève</AdrLine></PstlAdr></Cdtr></RltdPties><RmtInf><Ustrd>30.12.2025 13:40 Manor AG Numéro de carte: 535445******3167  </Ustrd></RmtInf><AddtlTxInf>Achat Mastercard 30.12.2025 13:40 Manor AG Numéro de carte: 535445******3167</AddtlTxInf></TxDtls></NtryDtls><AddtlNtryInf>Achat Mastercard 30.12.2025 13:40 Manor AG Numéro de carte: 535445******3167</AddtlNtryInf></Ntry><Ntry><Amt Ccy="CHF">46.6</Amt><CdtDbtInd>DBIT</CdtDbtInd><RvslInd>false</RvslInd><Sts>BOOK</Sts><BookgDt><Dt>2026-01-05</Dt></BookgDt><ValDt><Dt>2025-12-30</Dt></ValDt><AcctSvcrRef>ZV20251231/431879</AcctSvcrRef><BkTxCd><Domn><Cd>PMNT</Cd><Fmly><Cd>ICDT</Cd><SubFmlyCd>OTHR</SubFmlyCd></Fmly></Domn></BkTxCd><NtryDtls><Btch><NbOfTxs>1</NbOfTxs><TtlAmt Ccy="CHF">46.6</TtlAmt><CdtDbtInd>DBIT</CdtDbtInd></Btch><TxDtls><Refs><AcctSvcrRef>ZV20251231/431879/1</AcctSvcrRef><InstrId>778136</InstrId><EndToEndId>NOTPROVIDED</EndToEndId></Refs><Amt Ccy="CHF">46.6</Amt><CdtDbtInd>DBIT</CdtDbtInd><AmtDtls><InstdAmt><Amt Ccy="CHF">46.6</Amt></InstdAmt></AmtDtls><RltdPties><Dbtr><Nm>NOTPROVIDED</Nm></Dbtr><Cdtr><Nm>BECO - titulaire BERRA Nicole</Nm><PstlAdr><AdrLine>1203 Genève</AdrLine></PstlAdr></Cdtr></RltdPties><RmtInf><Ustrd>30.12.2025 12:35 Manora Rest. Genève - Numéro de carte: 535445******3167  </Ustrd></RmtInf><AddtlTxInf>Achat Mastercard 30.12.2025 12:35 Manora Rest. Genève - Numéro de carte: 535445******3167</AddtlTxInf></TxDtls></NtryDtls><AddtlNtryInf>Achat Mastercard 30.12.2025 12:35 Manora Rest. Genève - Numéro de carte: 535445******3167</AddtlNtryInf></Ntry><Ntry><Amt Ccy="CHF">418.1</Amt><CdtDbtInd>DBIT</CdtDbtInd><RvslInd>false</RvslInd><Sts>BOOK</Sts><BookgDt><Dt>2026-01-05</Dt></BookgDt><ValDt><Dt>2025-12-30</Dt></ValDt><AcctSvcrRef>ZV20251231/429263</AcctSvcrRef><BkTxCd><Domn><Cd>PMNT</Cd><Fmly><Cd>ICDT</Cd><SubFmlyCd>OTHR</SubFmlyCd></Fmly></Domn></BkTxCd><NtryDtls><Btch><NbOfTxs>1</NbOfTxs><TtlAmt Ccy="CHF">418.1</TtlAmt><CdtDbtInd>DBIT</CdtDbtInd></Btch><TxDtls><Refs><AcctSvcrRef>ZV20251231/429263/1</AcctSvcrRef><InstrId>301514</InstrId><EndToEndId>NOTPROVIDED</EndToEndId></Refs><Amt Ccy="CHF">418.1</Amt><CdtDbtInd>DBIT</CdtDbtInd><AmtDtls><InstdAmt><Amt Ccy="CHF">418.1</Amt></InstdAmt></AmtDtls><RltdPties><Dbtr><Nm>NOTPROVIDED</Nm></Dbtr><Cdtr><Nm>BECO - titulaire BERRA Nicole</Nm><PstlAdr><AdrLine>1203 Genève</AdrLine></PstlAdr></Cdtr></RltdPties><RmtInf><Ustrd>30.12.2025 14:20 Manor AG Numéro de carte: 535445******7727  </Ustrd></RmtInf><AddtlTxInf>Achat Mastercard 30.12.2025 14:20 Manor AG Numéro de carte: 535445******7727</AddtlTxInf></TxDtls></NtryDtls><AddtlNtryInf>Achat Mastercard 30.12.2025 14:20 Manor AG Numéro de carte: 535445******7727</AddtlNtryInf></Ntry><Ntry><Amt Ccy="CHF">35.8</Amt><CdtDbtInd>DBIT</CdtDbtInd><RvslInd>false</RvslInd><Sts>BOOK</Sts><BookgDt><Dt>2026-01-05</Dt></BookgDt><ValDt><Dt>2026-01-03</Dt></ValDt><AcctSvcrRef>ZV20260105/789326</AcctSvcrRef><BkTxCd><Domn><Cd>PMNT</Cd><Fmly><Cd>ICDT</Cd><SubFmlyCd>OTHR</SubFmlyCd></Fmly></Domn></BkTxCd><NtryDtls><Btch><NbOfTxs>1</NbOfTxs><TtlAmt Ccy="CHF">35.8</TtlAmt><CdtDbtInd>DBIT</CdtDbtInd></Btch><TxDtls><Refs><AcctSvcrRef>ZV20260105/789326/1</AcctSvcrRef><InstrId>838303</InstrId><EndToEndId>NOTPROVIDED</EndToEndId></Refs><Amt Ccy="CHF">35.8</Amt><CdtDbtInd>DBIT</CdtDbtInd><AmtDtls><InstdAmt><Amt Ccy="CHF">35.8</Amt></InstdAmt></AmtDtls><RltdPties><Dbtr><Nm>NOTPROVIDED</Nm></Dbtr><Cdtr><Nm>BECO - titulaire BERRA Nicole</Nm><PstlAdr><AdrLine>1203 Genève</AdrLine></PstlAdr></Cdtr></RltdPties><RmtInf><Ustrd>03.01.2026 18:55 Dominos Pizza GmbH Numéro de carte: 535445******3167  </Ustrd></RmtInf><AddtlTxInf>Achat Mastercard 03.01.2026 18:55 Dominos Pizza GmbH Numéro de carte: 535445******3167</AddtlTxInf></TxDtls></NtryDtls><AddtlNtryInf>Achat Mastercard 03.01.2026 18:55 Dominos Pizza GmbH Numéro de carte: 535445******3167</AddtlNtryInf></Ntry><Ntry><Amt Ccy="CHF">400</Amt><CdtDbtInd>CRDT</CdtDbtInd><RvslInd>false</RvslInd><Sts>BOOK</Sts><BookgDt><Dt>2026-01-05</Dt></BookgDt><ValDt><Dt>2026-01-05</Dt></ValDt><AcctSvcrRef>ZV20260105/605403</AcctSvcrRef><BkTxCd><Domn><Cd>PMNT</Cd><Fmly><Cd>RCDT</Cd><SubFmlyCd>AUTT</SubFmlyCd></Fmly></Domn></BkTxCd><NtryDtls><Btch><NbOfTxs>1</NbOfTxs><TtlAmt Ccy="CHF">400</TtlAmt><CdtDbtInd>CRDT</CdtDbtInd></Btch><TxDtls><Refs><AcctSvcrRef>ZV20260105/605403/1</AcctSvcrRef><EndToEndId>NOTPROVIDED</EndToEndId><TxId>260104CH0E6UIVTG</TxId></Refs><Amt Ccy="CHF">400</Amt><CdtDbtInd>CRDT</CdtDbtInd><AmtDtls><InstdAmt><Amt Ccy="CHF">400</Amt></InstdAmt><TxAmt><Amt Ccy="CHF">400</Amt></TxAmt></AmtDtls><Chrgs><Rcrd><Amt Ccy="CHF">2.35</Amt><CdtDbtInd>DBIT</CdtDbtInd><ChrgInclInd>false</ChrgInclInd><Tp><Prtry><Id>2</Id></Prtry></Tp><Br>CRED</Br></Rcrd></Chrgs><RltdPties><Dbtr><Nm>Schaltereinzahlung</Nm><PstlAdr><TwnNm>Bern</TwnNm><Ctry>CH</Ctry></PstlAdr></Dbtr><UltmtDbtr><Nm>My Cafe Bar</Nm><PstlAdr><StrtNm>Avenue Wendt</StrtNm><BldgNb>7</BldgNb><PstCd>1203</PstCd><TwnNm>Geneve</TwnNm><Ctry>CH</Ctry></PstlAdr></UltmtDbtr><Cdtr><Nm>BECO - titulaire BERRA Nicole</Nm><PstlAdr><AdrLine>1203 Genève</AdrLine></PstlAdr></Cdtr></RltdPties><RltdAgts><DbtrAgt><FinInstnId><ClrSysMmbId><ClrSysId><Cd>CHSIC</Cd></ClrSysId><MmbId>090002</MmbId></ClrSysMmbId></FinInstnId></DbtrAgt></RltdAgts><AddtlTxInf>Crédit My Cafe Bar</AddtlTxInf></TxDtls></NtryDtls><AddtlNtryInf>Crédit My Cafe Bar</AddtlNtryInf></Ntry><Ntry><Amt Ccy="CHF">1350</Amt><CdtDbtInd>DBIT</CdtDbtInd><RvslInd>false</RvslInd><Sts>BOOK</Sts><BookgDt><Dt>2026-01-05</Dt></BookgDt><ValDt><Dt>2026-01-05</Dt></ValDt><AcctSvcrRef>ZV20260105/991379</AcctSvcrRef><BkTxCd><Domn><Cd>PMNT</Cd><Fmly><Cd>ICDT</Cd><SubFmlyCd>AUTT</SubFmlyCd></Fmly></Domn></BkTxCd><NtryDtls><Btch><NbOfTxs>1</NbOfTxs><TtlAmt Ccy="CHF">1350</TtlAmt><CdtDbtInd>DBIT</CdtDbtInd></Btch><TxDtls><Refs><AcctSvcrRef>ZV20260105/991379/1</AcctSvcrRef><InstrId>NOTPROVIDED</InstrId><EndToEndId>NOTPROVIDED</EndToEndId></Refs><Amt Ccy="CHF">1350</Amt><CdtDbtInd>DBIT</CdtDbtInd><AmtDtls><InstdAmt><Amt Ccy="CHF">1350</Amt></InstdAmt><TxAmt><Amt Ccy="CHF">1350</Amt></TxAmt></AmtDtls><RltdPties><Dbtr><Nm>BECO - titulaire BERRA Nicole</Nm><PstlAdr><AdrLine>1203 Genève</AdrLine></PstlAdr></Dbtr><Cdtr><Nm>Pisa Construction Management Sarl</Nm><PstlAdr><AdrLine>Avenue Des Morgines 12</AdrLine><AdrLine>1213 Petit-Lancy</AdrLine></PstlAdr></Cdtr></RltdPties><RltdAgts><CdtrAgt><FinInstnId><BICFI>BCGECHGGXXX</BICFI></FinInstnId></CdtrAgt></RltdAgts><RmtInf><Ustrd>Loyer janvier 2026</Ustrd></RmtInf><AddtlTxInf>Ordre de paiement Pisa Construction Management Sarl</AddtlTxInf></TxDtls></NtryDtls><AddtlNtryInf>Ordre de paiement Pisa Construction Management Sarl</AddtlNtryInf></Ntry><Ntry><Amt Ccy="CHF">377.15</Amt><CdtDbtInd>DBIT</CdtDbtInd><RvslInd>false</RvslInd><Sts>BOOK</Sts><BookgDt><Dt>2026-01-07</Dt></BookgDt><ValDt><Dt>2026-01-07</Dt></ValDt><AcctSvcrRef>ZV20260107/290782</AcctSvcrRef><BkTxCd><Domn><Cd>PMNT</Cd><Fmly><Cd>ICDT</Cd><SubFmlyCd>STDO</SubFmlyCd></Fmly></Domn></BkTxCd><NtryDtls><Btch><NbOfTxs>1</NbOfTxs><TtlAmt Ccy="CHF">377.15</TtlAmt><CdtDbtInd>DBIT</CdtDbtInd></Btch><TxDtls><Refs><AcctSvcrRef>ZV20260107/290782/1</AcctSvcrRef><InstrId>NOTPROVIDED</InstrId><EndToEndId>NOTPROVIDED</EndToEndId></Refs><Amt Ccy="CHF">377.15</Amt><CdtDbtInd>DBIT</CdtDbtInd><AmtDtls><InstdAmt><Amt Ccy="CHF">377.15</Amt></InstdAmt><TxAmt><Amt Ccy="CHF">377.15</Amt></TxAmt></AmtDtls><RltdPties><Dbtr><Nm>BECO - titulaire BERRA Nicole</Nm><PstlAdr><AdrLine>1203 Genève</AdrLine></PstlAdr></Dbtr><Cdtr><Nm>MultiLease AG</Nm><PstlAdr><AdrLine>8152 Glattbrugg</AdrLine></PstlAdr></Cdtr><CdtrAcct><Id><IBAN>CH923000523090302801X</IBAN></Id></CdtrAcct></RltdPties><RltdAgts><CdtrAgt><FinInstnId><Nm>UBS Switzerland AG</Nm><PstlAdr><AdrLine>Bahnhofstrasse 45</AdrLine><AdrLine>8098 Zuerich</AdrLine></PstlAdr></FinInstnId></CdtrAgt></RltdAgts><RmtInf><Strd><CdtrRefInf><Tp><CdOrPrtry><Prtry>QRR</Prtry></CdOrPrtry></Tp><Ref>902901637101042578810000007</Ref></CdtrRefInf><AddtlRmtInf>Contrat SUSUKI 4257881</AddtlRmtInf></Strd></RmtInf><AddtlTxInf>Ordre permanent MultiLease AG</AddtlTxInf></TxDtls></NtryDtls><AddtlNtryInf>Ordre permanent MultiLease AG</AddtlNtryInf></Ntry><Ntry><Amt Ccy="CHF">500</Amt><CdtDbtInd>CRDT</CdtDbtInd><RvslInd>false</RvslInd><Sts>BOOK</Sts><BookgDt><Dt>2026-01-07</Dt></BookgDt><ValDt><Dt>2026-01-07</Dt></ValDt><AcctSvcrRef>ZV20260107/322451</AcctSvcrRef><BkTxCd><Domn><Cd>PMNT</Cd><Fmly><Cd>RCDT</Cd><SubFmlyCd>AUTT</SubFmlyCd></Fmly></Domn></BkTxCd><NtryDtls><Btch><NbOfTxs>1</NbOfTxs><TtlAmt Ccy="CHF">500</TtlAmt><CdtDbtInd>CRDT</CdtDbtInd></Btch><TxDtls><Refs><AcctSvcrRef>ZV20260107/322451/1</AcctSvcrRef><EndToEndId>NOTPROVIDED</EndToEndId><TxId>0215007TO4693142</TxId></Refs><Amt Ccy="CHF">500</Amt><CdtDbtInd>CRDT</CdtDbtInd><AmtDtls><InstdAmt><Amt Ccy="CHF">500</Amt></InstdAmt><TxAmt><Amt Ccy="CHF">500</Amt></TxAmt></AmtDtls><Chrgs><Rcrd><Amt Ccy="CHF">0</Amt><CdtDbtInd>CRDT</CdtDbtInd><Tp><Prtry><Id>SHAR</Id></Prtry></Tp></Rcrd></Chrgs><RltdPties><Dbtr><Nm>GASTRO FOOD SWISS SA</Nm><PstlAdr><AdrLine>RUE VOLTAIRE 29 CH 1201 GENEVE</AdrLine></PstlAdr></Dbtr><DbtrAcct><Id><IBAN>CH080021521522152601Y</IBAN></Id></DbtrAcct><UltmtDbtr><Nm>GASTRO FOOD SWISS SA</Nm><PstlAdr><StrtNm>RUE VOLTAIRE</StrtNm><BldgNb>29</BldgNb><PstCd>1201</PstCd><TwnNm>GENEVE</TwnNm><Ctry>CH</Ctry></PstlAdr></UltmtDbtr><Cdtr><Nm>BECO - titulaire BERRA Nicole</Nm><PstlAdr><AdrLine>1203 Genève</AdrLine></PstlAdr></Cdtr></RltdPties><RltdAgts><DbtrAgt><FinInstnId><ClrSysMmbId><ClrSysId><Cd>CHSIC</Cd></ClrSysId><MmbId>002159</MmbId></ClrSysMmbId></FinInstnId></DbtrAgt></RltdAgts><AddtlTxInf>Crédit GASTRO FOOD SWISS SA</AddtlTxInf></TxDtls></NtryDtls><AddtlNtryInf>Crédit GASTRO FOOD SWISS SA</AddtlNtryInf></Ntry><Ntry><Amt Ccy="CHF">250.7</Amt><CdtDbtInd>DBIT</CdtDbtInd><RvslInd>false</RvslInd><Sts>BOOK</Sts><BookgDt><Dt>2026-01-12</Dt></BookgDt><ValDt><Dt>2026-01-10</Dt></ValDt><AcctSvcrRef>ZV20260112/150173</AcctSvcrRef><BkTxCd><Domn><Cd>PMNT</Cd><Fmly><Cd>ICDT</Cd><SubFmlyCd>OTHR</SubFmlyCd></Fmly></Domn></BkTxCd><NtryDtls><Btch><NbOfTxs>1</NbOfTxs><TtlAmt Ccy="CHF">250.7</TtlAmt><CdtDbtInd>DBIT</CdtDbtInd></Btch><TxDtls><Refs><AcctSvcrRef>ZV20260112/150173/1</AcctSvcrRef><InstrId>728782</InstrId><EndToEndId>NOTPROVIDED</EndToEndId></Refs><Amt Ccy="CHF">250.7</Amt><CdtDbtInd>DBIT</CdtDbtInd><AmtDtls><InstdAmt><Amt Ccy="CHF">250.7</Amt></InstdAmt></AmtDtls><RltdPties><Dbtr><Nm>NOTPROVIDED</Nm></Dbtr><Cdtr><Nm>BECO - titulaire BERRA Nicole</Nm><PstlAdr><AdrLine>1203 Genève</AdrLine></PstlAdr></Cdtr></RltdPties><RmtInf><Ustrd>10.01.2026 17:44 Migros MMM Balexert Numéro de carte: 535445******3167  </Ustrd></RmtInf><AddtlTxInf>Achat Mastercard 10.01.2026 17:44 Migros MMM Balexert Numéro de carte: 535445******3167</AddtlTxInf></TxDtls></NtryDtls><AddtlNtryInf>Achat Mastercard 10.01.2026 17:44 Migros MMM Balexert Numéro de carte: 535445******3167</AddtlNtryInf></Ntry><Ntry><Amt Ccy="CHF">419</Amt><CdtDbtInd>DBIT</CdtDbtInd><RvslInd>false</RvslInd><Sts>BOOK</Sts><BookgDt><Dt>2026-01-12</Dt></BookgDt><ValDt><Dt>2026-01-10</Dt></ValDt><AcctSvcrRef>ZV20260112/150174</AcctSvcrRef><BkTxCd><Domn><Cd>PMNT</Cd><Fmly><Cd>ICDT</Cd><SubFmlyCd>OTHR</SubFmlyCd></Fmly></Domn></BkTxCd><NtryDtls><Btch><NbOfTxs>1</NbOfTxs><TtlAmt Ccy="CHF">419</TtlAmt><CdtDbtInd>DBIT</CdtDbtInd></Btch><TxDtls><Refs><AcctSvcrRef>ZV20260112/150174/1</AcctSvcrRef><InstrId>536944</InstrId><EndToEndId>NOTPROVIDED</EndToEndId></Refs><Amt Ccy="CHF">419</Amt><CdtDbtInd>DBIT</CdtDbtInd><AmtDtls><InstdAmt><Amt Ccy="CHF">419</Amt></InstdAmt></AmtDtls><RltdPties><Dbtr><Nm>NOTPROVIDED</Nm></Dbtr><Cdtr><Nm>BECO - titulaire BERRA Nicole</Nm><PstlAdr><AdrLine>1203 Genève</AdrLine></PstlAdr></Cdtr></RltdPties><RmtInf><Ustrd>10.01.2026 15:35 DIESEL Numéro de carte: 535445******3167  </Ustrd></RmtInf><AddtlTxInf>Achat Mastercard 10.01.2026 15:35 DIESEL Numéro de carte: 535445******3167</AddtlTxInf></TxDtls></NtryDtls><AddtlNtryInf>Achat Mastercard 10.01.2026 15:35 DIESEL Numéro de carte: 535445******3167</AddtlNtryInf></Ntry><Ntry><Amt Ccy="CHF">2017</Amt><CdtDbtInd>DBIT</CdtDbtInd><RvslInd>false</RvslInd><Sts>BOOK</Sts><BookgDt><Dt>2026-01-12</Dt></BookgDt><ValDt><Dt>2026-01-12</Dt></ValDt><AcctSvcrRef>ZV20260112/935241</AcctSvcrRef><BkTxCd><Domn><Cd>PMNT</Cd><Fmly><Cd>ICDT</Cd><SubFmlyCd>STDO</SubFmlyCd></Fmly></Domn></BkTxCd><NtryDtls><Btch><NbOfTxs>1</NbOfTxs><TtlAmt Ccy="CHF">2017</TtlAmt><CdtDbtInd>DBIT</CdtDbtInd></Btch><TxDtls><Refs><AcctSvcrRef>ZV20260112/935241/1</AcctSvcrRef><InstrId>REGIMO</InstrId><EndToEndId>NOTPROVIDED</EndToEndId></Refs><Amt Ccy="CHF">2017</Amt><CdtDbtInd>DBIT</CdtDbtInd><AmtDtls><InstdAmt><Amt Ccy="CHF">2017</Amt></InstdAmt><TxAmt><Amt Ccy="CHF">2017</Amt></TxAmt></AmtDtls><RltdPties><Dbtr><Nm>BECO - titulaire BERRA Nicole</Nm><PstlAdr><AdrLine>1203 Genève</AdrLine></PstlAdr></Dbtr><Cdtr><Nm>REGIMO</Nm><PstlAdr><AdrLine>1000 Lausane</AdrLine></PstlAdr></Cdtr></RltdPties><RltdAgts><CdtrAgt><FinInstnId><BICFI>BCGECHGGXXX</BICFI></FinInstnId></CdtrAgt></RltdAgts><RmtInf><Strd><CdtrRefInf><Tp><CdOrPrtry><Prtry>QRR</Prtry></CdOrPrtry></Tp><Ref>000000000000010010000610609</Ref></CdtrRefInf></Strd></RmtInf><AddtlTxInf>Ordre permanent REGIMO</AddtlTxInf></TxDtls></NtryDtls><AddtlNtryInf>Ordre permanent REGIMO</AddtlNtryInf></Ntry><Ntry><Amt Ccy="CHF">500</Amt><CdtDbtInd>CRDT</CdtDbtInd><RvslInd>false</RvslInd><Sts>BOOK</Sts><BookgDt><Dt>2026-01-12</Dt></BookgDt><ValDt><Dt>2026-01-12</Dt></ValDt><AcctSvcrRef>ZV20260112/954087</AcctSvcrRef><BkTxCd><Domn><Cd>PMNT</Cd><Fmly><Cd>RCDT</Cd><SubFmlyCd>AUTT</SubFmlyCd></Fmly></Domn></BkTxCd><NtryDtls><Btch><NbOfTxs>1</NbOfTxs><TtlAmt Ccy="CHF">500</TtlAmt><CdtDbtInd>CRDT</CdtDbtInd></Btch><TxDtls><Refs><AcctSvcrRef>ZV20260112/954087/1</AcctSvcrRef><EndToEndId>NOTPROVIDED</EndToEndId><TxId>0106012TJ8790144</TxId></Refs><Amt Ccy="CHF">500</Amt><CdtDbtInd>CRDT</CdtDbtInd><AmtDtls><InstdAmt><Amt Ccy="CHF">500</Amt></InstdAmt><TxAmt><Amt Ccy="CHF">500</Amt></TxAmt></AmtDtls><Chrgs><Rcrd><Amt Ccy="CHF">0</Amt><CdtDbtInd>CRDT</CdtDbtInd><Tp><Prtry><Id>SHAR</Id></Prtry></Tp></Rcrd></Chrgs><RltdPties><Dbtr><Nm>SARL GVD DISTRIBUTION</Nm><PstlAdr><AdrLine>CHEMIN DU PONT DE VILLE 5A CH 1224 CHENE BOUGERIES</AdrLine></PstlAdr></Dbtr><DbtrAcct><Id><IBAN>CH740020620684752001C</IBAN></Id></DbtrAcct><UltmtDbtr><Nm>G.V.D. DISTRIBUTION SARL</Nm><PstlAdr><StrtNm>RUE DE GENEVE</StrtNm><BldgNb>150</BldgNb><PstCd>1226</PstCd><TwnNm>THONEX</TwnNm><Ctry>CH</Ctry></PstlAdr></UltmtDbtr><Cdtr><Nm>BECO - titulaire BERRA Nicole</Nm><PstlAdr><AdrLine>1203 Genève</AdrLine></PstlAdr></Cdtr></RltdPties><RltdAgts><DbtrAgt><FinInstnId><ClrSysMmbId><ClrSysId><Cd>CHSIC</Cd></ClrSysId><MmbId>002062</MmbId></ClrSysMmbId></FinInstnId></DbtrAgt></RltdAgts><AddtlTxInf>Crédit G.V.D. DISTRIBUTION SARL</AddtlTxInf></TxDtls></NtryDtls><AddtlNtryInf>Crédit G.V.D. DISTRIBUTION SARL</AddtlNtryInf></Ntry><Ntry><Amt Ccy="CHF">50</Amt><CdtDbtInd>CRDT</CdtDbtInd><RvslInd>false</RvslInd><Sts>BOOK</Sts><BookgDt><Dt>2026-01-12</Dt></BookgDt><ValDt><Dt>2026-01-12</Dt></ValDt><AcctSvcrRef>ZV20260109/769622</AcctSvcrRef><BkTxCd><Domn><Cd>PMNT</Cd><Fmly><Cd>RCDT</Cd><SubFmlyCd>AUTT</SubFmlyCd></Fmly></Domn></BkTxCd><NtryDtls><Btch><NbOfTxs>1</NbOfTxs><TtlAmt Ccy="CHF">50</TtlAmt><CdtDbtInd>CRDT</CdtDbtInd></Btch><TxDtls><Refs><AcctSvcrRef>ZV20260109/769622/109</AcctSvcrRef><PmtInfId>481498</PmtInfId><InstrId>NOTPROVIDED</InstrId><EndToEndId>ETGTA-4342052</EndToEndId></Refs><Amt Ccy="CHF">50</Amt><CdtDbtInd>CRDT</CdtDbtInd><AmtDtls><InstdAmt><Amt Ccy="CHF">50</Amt></InstdAmt><TxAmt><Amt Ccy="CHF">50</Amt></TxAmt></AmtDtls><RltdPties><Dbtr><Nm>ETAT DE GENEVE</Nm><PstlAdr><AdrLine>1204 Genève</AdrLine></PstlAdr></Dbtr><Cdtr><Nm>BECO - titulaire BERRA Nicole</Nm><PstlAdr><AdrLine>1203 Genève</AdrLine></PstlAdr></Cdtr></RltdPties><RmtInf><Ustrd>SPAd - CI-RODRIGUES DA ROCHA-JORGE  MANUEL-</Ustrd></RmtInf><AddtlTxInf>Virement SIC ETAT DE GENEVE</AddtlTxInf></TxDtls></NtryDtls><AddtlNtryInf>Virement SIC ETAT DE GENEVE</AddtlNtryInf></Ntry><Ntry><Amt Ccy="CHF">100</Amt><CdtDbtInd>CRDT</CdtDbtInd><RvslInd>false</RvslInd><Sts>BOOK</Sts><BookgDt><Dt>2026-01-13</Dt></BookgDt><ValDt><Dt>2026-01-13</Dt></ValDt><AcctSvcrRef>ZV20260113/225662</AcctSvcrRef><BkTxCd><Domn><Cd>PMNT</Cd><Fmly><Cd>RCDT</Cd><SubFmlyCd>AUTT</SubFmlyCd></Fmly></Domn></BkTxCd><NtryDtls><Btch><NbOfTxs>1</NbOfTxs><TtlAmt Ccy="CHF">100</TtlAmt><CdtDbtInd>CRDT</CdtDbtInd></Btch><TxDtls><Refs><AcctSvcrRef>ZV20260113/225662/1</AcctSvcrRef><EndToEndId>NOTPROVIDED</EndToEndId><TxId>0115013TJ8837232</TxId></Refs><Amt Ccy="CHF">100</Amt><CdtDbtInd>CRDT</CdtDbtInd><AmtDtls><InstdAmt><Amt Ccy="CHF">100</Amt></InstdAmt><TxAmt><Amt Ccy="CHF">100</Amt></TxAmt></AmtDtls><Chrgs><Rcrd><Amt Ccy="CHF">0</Amt><CdtDbtInd>CRDT</CdtDbtInd><Tp><Prtry><Id>SHAR</Id></Prtry></Tp></Rcrd></Chrgs><RltdPties><Dbtr><Nm>SKS CONSULTANTS SARL</Nm><PstlAdr><AdrLine>BOULEVARD DU PONT D&apos;ARVE 10 CH 1205 GENEVE</AdrLine></PstlAdr></Dbtr><DbtrAcct><Id><IBAN>CH730021521519437601Z</IBAN></Id></DbtrAcct><UltmtDbtr><Nm>SKS CONSULTANTS SARL</Nm><PstlAdr><StrtNm>BOULEVARD DU PONT-D&apos;ARVE</StrtNm><BldgNb>10</BldgNb><PstCd>1205</PstCd><TwnNm>GENEVE</TwnNm><Ctry>CH</Ctry></PstlAdr></UltmtDbtr><Cdtr><Nm>BECO - titulaire BERRA Nicole</Nm><PstlAdr><AdrLine>1203 Genève</AdrLine></PstlAdr></Cdtr></RltdPties><RltdAgts><DbtrAgt><FinInstnId><ClrSysMmbId><ClrSysId><Cd>CHSIC</Cd></ClrSysId><MmbId>002159</MmbId></ClrSysMmbId></FinInstnId></DbtrAgt></RltdAgts><AddtlTxInf>Crédit SKS CONSULTANTS SARL</AddtlTxInf></TxDtls></NtryDtls><AddtlNtryInf>Crédit SKS CONSULTANTS SARL</AddtlNtryInf></Ntry><Ntry><Amt Ccy="CHF">1358</Amt><CdtDbtInd>CRDT</CdtDbtInd><RvslInd>false</RvslInd><Sts>BOOK</Sts><BookgDt><Dt>2026-01-13</Dt></BookgDt><ValDt><Dt>2026-01-13</Dt></ValDt><AcctSvcrRef>ZV20260113/226187</AcctSvcrRef><BkTxCd><Domn><Cd>PMNT</Cd><Fmly><Cd>RCDT</Cd><SubFmlyCd>AUTT</SubFmlyCd></Fmly></Domn></BkTxCd><NtryDtls><Btch><NbOfTxs>1</NbOfTxs><TtlAmt Ccy="CHF">1358</TtlAmt><CdtDbtInd>CRDT</CdtDbtInd></Btch><TxDtls><Refs><AcctSvcrRef>ZV20260113/226187/1</AcctSvcrRef><EndToEndId>NOTPROVIDED</EndToEndId><TxId>6640013TI5874067</TxId></Refs><Amt Ccy="CHF">1358</Amt><CdtDbtInd>CRDT</CdtDbtInd><AmtDtls><InstdAmt><Amt Ccy="CHF">1358</Amt></InstdAmt><TxAmt><Amt Ccy="CHF">1358</Amt></TxAmt></AmtDtls><Chrgs><Rcrd><Amt Ccy="CHF">0</Amt><CdtDbtInd>CRDT</CdtDbtInd><Tp><Prtry><Id>SHAR</Id></Prtry></Tp></Rcrd></Chrgs><RltdPties><Dbtr><Nm>VERA MARINA PAREDES FROUFE GOMES</Nm><PstlAdr><AdrLine>RUE SOUBEYRAN 2BIS CH 1203 GENEVE</AdrLine></PstlAdr></Dbtr><DbtrAcct><Id><IBAN>CH900024024090762101X</IBAN></Id></DbtrAcct><Cdtr><Nm>BECO - titulaire BERRA Nicole</Nm><PstlAdr><AdrLine>1203 Genève</AdrLine></PstlAdr></Cdtr></RltdPties><RltdAgts><DbtrAgt><FinInstnId><ClrSysMmbId><ClrSysId><Cd>CHSIC</Cd></ClrSysId><MmbId>002404</MmbId></ClrSysMmbId></FinInstnId></DbtrAgt></RltdAgts><RmtInf><Ustrd>VERA </Ustrd></RmtInf><AddtlTxInf>Crédit VERA MARINA PAREDES FROUFE GOMES</AddtlTxInf></TxDtls></NtryDtls><AddtlNtryInf>Crédit VERA MARINA PAREDES FROUFE GOMES</AddtlNtryInf></Ntry><Ntry><Amt Ccy="CHF">44.8</Amt><CdtDbtInd>DBIT</CdtDbtInd><RvslInd>false</RvslInd><Sts>BOOK</Sts><BookgDt><Dt>2026-01-14</Dt></BookgDt><ValDt><Dt>2026-01-12</Dt></ValDt><AcctSvcrRef>ZV20260114/405213</AcctSvcrRef><BkTxCd><Domn><Cd>PMNT</Cd><Fmly><Cd>ICDT</Cd><SubFmlyCd>OTHR</SubFmlyCd></Fmly></Domn></BkTxCd><NtryDtls><Btch><NbOfTxs>1</NbOfTxs><TtlAmt Ccy="CHF">44.8</TtlAmt><CdtDbtInd>DBIT</CdtDbtInd></Btch><TxDtls><Refs><AcctSvcrRef>ZV20260114/405213/1</AcctSvcrRef><InstrId>919959</InstrId><EndToEndId>NOTPROVIDED</EndToEndId></Refs><Amt Ccy="CHF">44.8</Amt><CdtDbtInd>DBIT</CdtDbtInd><AmtDtls><InstdAmt><Amt Ccy="CHF">44.8</Amt></InstdAmt></AmtDtls><RltdPties><Dbtr><Nm>NOTPROVIDED</Nm></Dbtr><Cdtr><Nm>BECO - titulaire BERRA Nicole</Nm><PstlAdr><AdrLine>1203 Genève</AdrLine></PstlAdr></Cdtr></RltdPties><RmtInf><Ustrd>12.01.2026 13:31 LSP*Guillaume Bichet Numéro de carte: 535445******3167  </Ustrd></RmtInf><AddtlTxInf>Achat Mastercard 12.01.2026 13:31 LSP*Guillaume Bichet Numéro de carte: 535445******3167</AddtlTxInf></TxDtls></NtryDtls><AddtlNtryInf>Achat Mastercard 12.01.2026 13:31 LSP*Guillaume Bichet Numéro de carte: 535445******3167</AddtlNtryInf></Ntry><Ntry><Amt Ccy="CHF">300</Amt><CdtDbtInd>CRDT</CdtDbtInd><RvslInd>false</RvslInd><Sts>BOOK</Sts><BookgDt><Dt>2026-01-14</Dt></BookgDt><ValDt><Dt>2026-01-14</Dt></ValDt><AcctSvcrRef>ZV20260114/433599</AcctSvcrRef><BkTxCd><Domn><Cd>PMNT</Cd><Fmly><Cd>RCDT</Cd><SubFmlyCd>AUTT</SubFmlyCd></Fmly></Domn></BkTxCd><NtryDtls><Btch><NbOfTxs>1</NbOfTxs><TtlAmt Ccy="CHF">300</TtlAmt><CdtDbtInd>CRDT</CdtDbtInd></Btch><TxDtls><Refs><AcctSvcrRef>ZV20260114/433599/1</AcctSvcrRef><EndToEndId>NOTPROVIDED</EndToEndId><TxId>0204014TO8686225</TxId></Refs><Amt Ccy="CHF">300</Amt><CdtDbtInd>CRDT</CdtDbtInd><AmtDtls><InstdAmt><Amt Ccy="CHF">300</Amt></InstdAmt><TxAmt><Amt Ccy="CHF">300</Amt></TxAmt></AmtDtls><Chrgs><Rcrd><Amt Ccy="CHF">0</Amt><CdtDbtInd>CRDT</CdtDbtInd><Tp><Prtry><Id>SHAR</Id></Prtry></Tp></Rcrd></Chrgs><RltdPties><Dbtr><Nm>GLOBAL NETTOYAGE SARL</Nm><PstlAdr><AdrLine>C/O DEYSE DE SOUZA PEREIRA PAGANI RUE DE L&apos;AVENIR 10 CH 1207 GENEVE</AdrLine></PstlAdr></Dbtr><DbtrAcct><Id><IBAN>CH340020420422618701V</IBAN></Id></DbtrAcct><UltmtDbtr><Nm>GLOBAL NETTOYAGE SARL</Nm><PstlAdr><StrtNm>RUE DE L&apos;AVENIR</StrtNm><BldgNb>10</BldgNb><PstCd>1207</PstCd><TwnNm>GENEVE</TwnNm><Ctry>CH</Ctry></PstlAdr></UltmtDbtr><Cdtr><Nm>BECO - titulaire BERRA Nicole</Nm><PstlAdr><AdrLine>1203 Genève</AdrLine></PstlAdr></Cdtr></RltdPties><RltdAgts><DbtrAgt><FinInstnId><ClrSysMmbId><ClrSysId><Cd>CHSIC</Cd></ClrSysId><MmbId>002046</MmbId></ClrSysMmbId></FinInstnId></DbtrAgt></RltdAgts><AddtlTxInf>Crédit GLOBAL NETTOYAGE SARL</AddtlTxInf></TxDtls></NtryDtls><AddtlNtryInf>Crédit GLOBAL NETTOYAGE SARL</AddtlNtryInf></Ntry><Ntry><Amt Ccy="CHF">150</Amt><CdtDbtInd>CRDT</CdtDbtInd><RvslInd>false</RvslInd><Sts>BOOK</Sts><BookgDt><Dt>2026-01-14</Dt></BookgDt><ValDt><Dt>2026-01-14</Dt></ValDt><AcctSvcrRef>ZV20260114/454126</AcctSvcrRef><BkTxCd><Domn><Cd>PMNT</Cd><Fmly><Cd>RCDT</Cd><SubFmlyCd>AUTT</SubFmlyCd></Fmly></Domn></BkTxCd><NtryDtls><Btch><NbOfTxs>1</NbOfTxs><TtlAmt Ccy="CHF">150</TtlAmt><CdtDbtInd>CRDT</CdtDbtInd></Btch><TxDtls><Refs><AcctSvcrRef>ZV20260114/454126/1</AcctSvcrRef><EndToEndId>NOTPROVIDED</EndToEndId><TxId>7704014TO8758996</TxId></Refs><Amt Ccy="CHF">150</Amt><CdtDbtInd>CRDT</CdtDbtInd><AmtDtls><InstdAmt><Amt Ccy="CHF">150</Amt></InstdAmt><TxAmt><Amt Ccy="CHF">150</Amt></TxAmt></AmtDtls><Chrgs><Rcrd><Amt Ccy="CHF">0</Amt><CdtDbtInd>CRDT</CdtDbtInd><Tp><Prtry><Id>SHAR</Id></Prtry></Tp></Rcrd></Chrgs><RltdPties><Dbtr><Nm>AGENCE REFLECT, BRIGNONI</Nm><PstlAdr><AdrLine>RUE VOLTAIRE 3 CH 1201 GENEVE</AdrLine></PstlAdr></Dbtr><DbtrAcct><Id><IBAN>CH020020420427193901M</IBAN></Id></DbtrAcct><UltmtDbtr><Nm>AGENCE REFLECT</Nm><PstlAdr><StrtNm>RUE DU GRAND-PRE</StrtNm><BldgNb>58</BldgNb><PstCd>1202</PstCd><TwnNm>GENEVE</TwnNm><Ctry>CH</Ctry></PstlAdr></UltmtDbtr><Cdtr><Nm>BECO - titulaire BERRA Nicole</Nm><PstlAdr><AdrLine>1203 Genève</AdrLine></PstlAdr></Cdtr></RltdPties><RltdAgts><DbtrAgt><FinInstnId><ClrSysMmbId><ClrSysId><Cd>CHSIC</Cd></ClrSysId><MmbId>002046</MmbId></ClrSysMmbId></FinInstnId></DbtrAgt></RltdAgts><AddtlTxInf>Crédit AGENCE REFLECT</AddtlTxInf></TxDtls></NtryDtls><AddtlNtryInf>Crédit AGENCE REFLECT</AddtlNtryInf></Ntry><Ntry><Amt Ccy="CHF">700</Amt><CdtDbtInd>CRDT</CdtDbtInd><RvslInd>false</RvslInd><Sts>BOOK</Sts><BookgDt><Dt>2026-01-14</Dt></BookgDt><ValDt><Dt>2026-01-14</Dt></ValDt><BkTxCd><Domn><Cd>PMNT</Cd><Fmly><Cd>RCDT</Cd><SubFmlyCd>OTHR</SubFmlyCd></Fmly></Domn></BkTxCd><NtryDtls><TxDtls><Refs><InstrId>NOTPROVIDED</InstrId><EndToEndId>NOTPROVIDED</EndToEndId></Refs><Amt Ccy="CHF">700</Amt><CdtDbtInd>CRDT</CdtDbtInd></TxDtls></NtryDtls><AddtlNtryInf>Dépôt bancomat CHF 700.00, 14.01.2026 14:15, 78800634 Servette-Wendt, carte: 535445******7727</AddtlNtryInf></Ntry><Ntry><Amt Ccy="CHF">145</Amt><CdtDbtInd>DBIT</CdtDbtInd><RvslInd>false</RvslInd><Sts>BOOK</Sts><BookgDt><Dt>2026-01-14</Dt></BookgDt><ValDt><Dt>2026-01-14</Dt></ValDt><AcctSvcrRef>ZV20260114/514432</AcctSvcrRef><BkTxCd><Domn><Cd>PMNT</Cd><Fmly><Cd>ICDT</Cd><SubFmlyCd>AUTT</SubFmlyCd></Fmly></Domn></BkTxCd><NtryDtls><Btch><NbOfTxs>1</NbOfTxs><TtlAmt Ccy="CHF">145</TtlAmt><CdtDbtInd>DBIT</CdtDbtInd></Btch><TxDtls><Refs><AcctSvcrRef>ZV20260114/514432/5</AcctSvcrRef><InstrId>NOTPROVIDED</InstrId><EndToEndId>NOTPROVIDED</EndToEndId></Refs><Amt Ccy="CHF">145</Amt><CdtDbtInd>DBIT</CdtDbtInd><AmtDtls><InstdAmt><Amt Ccy="CHF">145</Amt></InstdAmt><TxAmt><Amt Ccy="CHF">145</Amt></TxAmt></AmtDtls><RltdPties><Dbtr><Nm>BECO - titulaire BERRA Nicole</Nm><PstlAdr><AdrLine>1203 Genève</AdrLine></PstlAdr></Dbtr><Cdtr><Nm>PayRed Card Services AG</Nm><PstlAdr><AdrLine>Allmendstrasse 23</AdrLine><AdrLine>8953 Dietikon</AdrLine></PstlAdr></Cdtr><CdtrAcct><Id><IBAN>CH4730000001874984396</IBAN></Id></CdtrAcct></RltdPties><RltdAgts><CdtrAgt><FinInstnId><Nm>PostFinance AG</Nm><PstlAdr><AdrLine>Mingerstrasse 20</AdrLine><AdrLine>3030 Bern</AdrLine></PstlAdr></FinInstnId></CdtrAgt></RltdAgts><RmtInf><Strd><CdtrRefInf><Tp><CdOrPrtry><Prtry>QRR</Prtry></CdOrPrtry></Tp><Ref>210200000017333930003643873</Ref></CdtrRefInf></Strd></RmtInf><AddtlTxInf>Ordre de paiement PayRed Card Services AG</AddtlTxInf></TxDtls></NtryDtls><AddtlNtryInf>Ordre de paiement PayRed Card Services AG</AddtlNtryInf></Ntry><Ntry><Amt Ccy="CHF">21.6</Amt><CdtDbtInd>DBIT</CdtDbtInd><RvslInd>false</RvslInd><Sts>BOOK</Sts><BookgDt><Dt>2026-01-14</Dt></BookgDt><ValDt><Dt>2026-01-14</Dt></ValDt><AcctSvcrRef>ZV20260114/514432</AcctSvcrRef><BkTxCd><Domn><Cd>PMNT</Cd><Fmly><Cd>ICDT</Cd><SubFmlyCd>AUTT</SubFmlyCd></Fmly></Domn></BkTxCd><NtryDtls><Btch><NbOfTxs>1</NbOfTxs><TtlAmt Ccy="CHF">21.6</TtlAmt><CdtDbtInd>DBIT</CdtDbtInd></Btch><TxDtls><Refs><AcctSvcrRef>ZV20260114/514432/7</AcctSvcrRef><InstrId>NOTPROVIDED</InstrId><EndToEndId>NOTPROVIDED</EndToEndId></Refs><Amt Ccy="CHF">21.6</Amt><CdtDbtInd>DBIT</CdtDbtInd><AmtDtls><InstdAmt><Amt Ccy="CHF">21.6</Amt></InstdAmt><TxAmt><Amt Ccy="CHF">21.6</Amt></TxAmt></AmtDtls><RltdPties><Dbtr><Nm>BECO - titulaire BERRA Nicole</Nm><PstlAdr><AdrLine>1203 Genève</AdrLine></PstlAdr></Dbtr><Cdtr><Nm>POWERPAY c/o MF Group AG</Nm><PstlAdr><AdrLine>Postfach</AdrLine><AdrLine>9001 St. Gallen</AdrLine></PstlAdr></Cdtr><CdtrAcct><Id><IBAN>CH5230784298156162001</IBAN></Id></CdtrAcct></RltdPties><RltdAgts><CdtrAgt><FinInstnId><Nm>Thurgauer Kantonalbank</Nm><PstlAdr><AdrLine>Postfach</AdrLine><AdrLine>8570 Weinfelden</AdrLine></PstlAdr></FinInstnId></CdtrAgt></RltdAgts><RmtInf><Strd><CdtrRefInf><Tp><CdOrPrtry><Prtry>QRR</Prtry></CdOrPrtry></Tp><Ref>981561020342786681323117390</Ref></CdtrRefInf><AddtlRmtInf>Rechnung: 132311739 / Konto: 34278668 / Zahlbar bis: 31.12.2025</AddtlRmtInf></Strd></RmtInf><AddtlTxInf>Ordre de paiement POWERPAY c/o MF Group AG</AddtlTxInf></TxDtls></NtryDtls><AddtlNtryInf>Ordre de paiement POWERPAY c/o MF Group AG</AddtlNtryInf></Ntry><Ntry><Amt Ccy="CHF">200</Amt><CdtDbtInd>DBIT</CdtDbtInd><RvslInd>false</RvslInd><Sts>BOOK</Sts><BookgDt><Dt>2026-01-14</Dt></BookgDt><ValDt><Dt>2026-01-14</Dt></ValDt><AcctSvcrRef>ZV20260114/514432</AcctSvcrRef><BkTxCd><Domn><Cd>PMNT</Cd><Fmly><Cd>ICDT</Cd><SubFmlyCd>AUTT</SubFmlyCd></Fmly></Domn></BkTxCd><NtryDtls><Btch><NbOfTxs>1</NbOfTxs><TtlAmt Ccy="CHF">200</TtlAmt><CdtDbtInd>DBIT</CdtDbtInd></Btch><TxDtls><Refs><AcctSvcrRef>ZV20260114/514432/3</AcctSvcrRef><InstrId>NOTPROVIDED</InstrId><EndToEndId>NOTPROVIDED</EndToEndId></Refs><Amt Ccy="CHF">200</Amt><CdtDbtInd>DBIT</CdtDbtInd><AmtDtls><InstdAmt><Amt Ccy="CHF">200</Amt></InstdAmt><TxAmt><Amt Ccy="CHF">200</Amt></TxAmt></AmtDtls><RltdPties><Dbtr><Nm>BECO - titulaire BERRA Nicole</Nm><PstlAdr><AdrLine>1203 Genève</AdrLine></PstlAdr></Dbtr><Cdtr><Nm>Cembra Money Bank SA</Nm><PstlAdr><AdrLine>Case postal</AdrLine><AdrLine>8048 Zurich</AdrLine></PstlAdr></Cdtr><CdtrAcct><Id><IBAN>CH7230114000000018007</IBAN></Id></CdtrAcct></RltdPties><RltdAgts><CdtrAgt><FinInstnId><Nm>Cembra Money Bank AG</Nm><PstlAdr><AdrLine>Baendliweg 20</AdrLine><AdrLine>8048 Zuerich</AdrLine></PstlAdr></FinInstnId></CdtrAgt></RltdAgts><RmtInf><Strd><CdtrRefInf><Tp><CdOrPrtry><Prtry>QRR</Prtry></CdOrPrtry></Tp><Ref>100000000000060802785720402</Ref></CdtrRefInf><AddtlRmtInf>En faveur de compte no 6080278572</AddtlRmtInf></Strd></RmtInf><AddtlTxInf>Ordre de paiement Cembra Money Bank SA</AddtlTxInf></TxDtls></NtryDtls><AddtlNtryInf>Ordre de paiement Cembra Money Bank SA</AddtlNtryInf></Ntry><Ntry><Amt Ccy="CHF">234.6</Amt><CdtDbtInd>DBIT</CdtDbtInd><RvslInd>false</RvslInd><Sts>BOOK</Sts><BookgDt><Dt>2026-01-14</Dt></BookgDt><ValDt><Dt>2026-01-14</Dt></ValDt><AcctSvcrRef>ZV20260114/514432</AcctSvcrRef><BkTxCd><Domn><Cd>PMNT</Cd><Fmly><Cd>ICDT</Cd><SubFmlyCd>AUTT</SubFmlyCd></Fmly></Domn></BkTxCd><NtryDtls><Btch><NbOfTxs>1</NbOfTxs><TtlAmt Ccy="CHF">234.6</TtlAmt><CdtDbtInd>DBIT</CdtDbtInd></Btch><TxDtls><Refs><AcctSvcrRef>ZV20260114/514432/1</AcctSvcrRef><InstrId>NOTPROVIDED</InstrId><EndToEndId>NOTPROVIDED</EndToEndId></Refs><Amt Ccy="CHF">234.6</Amt><CdtDbtInd>DBIT</CdtDbtInd><AmtDtls><InstdAmt><Amt Ccy="CHF">234.6</Amt></InstdAmt><TxAmt><Amt Ccy="CHF">234.6</Amt></TxAmt></AmtDtls><RltdPties><Dbtr><Nm>BECO - titulaire BERRA Nicole</Nm><PstlAdr><AdrLine>1203 Genève</AdrLine></PstlAdr></Dbtr><Cdtr><Nm>AXIUS SA</Nm><PstlAdr><AdrLine>Chemin des Roseaux 2</AdrLine><AdrLine>1950 Sion</AdrLine></PstlAdr></Cdtr><CdtrAcct><Id><IBAN>CH1330765000S08800656</IBAN></Id></CdtrAcct></RltdPties><RltdAgts><CdtrAgt><FinInstnId><Nm>Banque Cantonale du Valais</Nm><PstlAdr><AdrLine>Place des Cedres 8</AdrLine><AdrLine>1951 Sion/Sitten</AdrLine></PstlAdr></FinInstnId></CdtrAgt></RltdAgts><RmtInf><Strd><CdtrRefInf><Tp><CdOrPrtry><Prtry>QRR</Prtry></CdOrPrtry></Tp><Ref>102168020126011173021658509</Ref></CdtrRefInf></Strd></RmtInf><AddtlTxInf>Ordre de paiement AXIUS SA</AddtlTxInf></TxDtls></NtryDtls><AddtlNtryInf>Ordre de paiement AXIUS SA</AddtlNtryInf></Ntry><Ntry><Amt Ccy="CHF">85</Amt><CdtDbtInd>DBIT</CdtDbtInd><RvslInd>false</RvslInd><Sts>BOOK</Sts><BookgDt><Dt>2026-01-14</Dt></BookgDt><ValDt><Dt>2026-01-14</Dt></ValDt><AcctSvcrRef>ZV20260114/514432</AcctSvcrRef><BkTxCd><Domn><Cd>PMNT</Cd><Fmly><Cd>ICDT</Cd><SubFmlyCd>AUTT</SubFmlyCd></Fmly></Domn></BkTxCd><NtryDtls><Btch><NbOfTxs>1</NbOfTxs><TtlAmt Ccy="CHF">85</TtlAmt><CdtDbtInd>DBIT</CdtDbtInd></Btch><TxDtls><Refs><AcctSvcrRef>ZV20260114/514432/10</AcctSvcrRef><InstrId>NOTPROVIDED</InstrId><EndToEndId>NOTPROVIDED</EndToEndId></Refs><Amt Ccy="CHF">85</Amt><CdtDbtInd>DBIT</CdtDbtInd><AmtDtls><InstdAmt><Amt Ccy="CHF">85</Amt></InstdAmt><TxAmt><Amt Ccy="CHF">85</Amt></TxAmt></AmtDtls><RltdPties><Dbtr><Nm>BECO - titulaire BERRA Nicole</Nm><PstlAdr><AdrLine>1203 Genève</AdrLine></PstlAdr></Dbtr><Cdtr><Nm>PayRed Card Services AG</Nm><PstlAdr><AdrLine>Allmendstrasse 23</AdrLine><AdrLine>8953 Dietikon</AdrLine></PstlAdr></Cdtr><CdtrAcct><Id><IBAN>CH4730000001874984396</IBAN></Id></CdtrAcct></RltdPties><RltdAgts><CdtrAgt><FinInstnId><Nm>PostFinance AG</Nm><PstlAdr><AdrLine>Mingerstrasse 20</AdrLine><AdrLine>3030 Bern</AdrLine></PstlAdr></FinInstnId></CdtrAgt></RltdAgts><RmtInf><Strd><CdtrRefInf><Tp><CdOrPrtry><Prtry>QRR</Prtry></CdOrPrtry></Tp><Ref>210200000017333910004254332</Ref></CdtrRefInf></Strd></RmtInf><AddtlTxInf>Ordre de paiement PayRed Card Services AG</AddtlTxInf></TxDtls></NtryDtls><AddtlNtryInf>Ordre de paiement PayRed Card Services AG</AddtlNtryInf></Ntry><Ntry><Amt Ccy="CHF">29.35</Amt><CdtDbtInd>DBIT</CdtDbtInd><RvslInd>false</RvslInd><Sts>BOOK</Sts><BookgDt><Dt>2026-01-14</Dt></BookgDt><ValDt><Dt>2026-01-14</Dt></ValDt><AcctSvcrRef>ZV20260114/514432</AcctSvcrRef><BkTxCd><Domn><Cd>PMNT</Cd><Fmly><Cd>ICDT</Cd><SubFmlyCd>AUTT</SubFmlyCd></Fmly></Domn></BkTxCd><NtryDtls><Btch><NbOfTxs>1</NbOfTxs><TtlAmt Ccy="CHF">29.35</TtlAmt><CdtDbtInd>DBIT</CdtDbtInd></Btch><TxDtls><Refs><AcctSvcrRef>ZV20260114/514432/2</AcctSvcrRef><InstrId>NOTPROVIDED</InstrId><EndToEndId>NOTPROVIDED</EndToEndId></Refs><Amt Ccy="CHF">29.35</Amt><CdtDbtInd>DBIT</CdtDbtInd><AmtDtls><InstdAmt><Amt Ccy="CHF">29.35</Amt></InstdAmt><TxAmt><Amt Ccy="CHF">29.35</Amt></TxAmt></AmtDtls><RltdPties><Dbtr><Nm>BECO - titulaire BERRA Nicole</Nm><PstlAdr><AdrLine>1203 Genève</AdrLine></PstlAdr></Dbtr><Cdtr><Nm>POWERPAY c/o MF Group AG</Nm><PstlAdr><AdrLine>Postfach</AdrLine><AdrLine>9001 St. Gallen</AdrLine></PstlAdr></Cdtr><CdtrAcct><Id><IBAN>CH5230784298156162001</IBAN></Id></CdtrAcct></RltdPties><RltdAgts><CdtrAgt><FinInstnId><Nm>Thurgauer Kantonalbank</Nm><PstlAdr><AdrLine>Postfach</AdrLine><AdrLine>8570 Weinfelden</AdrLine></PstlAdr></FinInstnId></CdtrAgt></RltdAgts><RmtInf><Strd><CdtrRefInf><Tp><CdOrPrtry><Prtry>QRR</Prtry></CdOrPrtry></Tp><Ref>981561020356122601325748560</Ref></CdtrRefInf><AddtlRmtInf>Rechnung: 132574856 / Konto: 35612260 / Zahlbar bis: 31.12.2025</AddtlRmtInf></Strd></RmtInf><AddtlTxInf>Ordre de paiement POWERPAY c/o MF Group AG</AddtlTxInf></TxDtls></NtryDtls><AddtlNtryInf>Ordre de paiement POWERPAY c/o MF Group AG</AddtlNtryInf></Ntry><Ntry><Amt Ccy="CHF">28.7</Amt><CdtDbtInd>DBIT</CdtDbtInd><RvslInd>false</RvslInd><Sts>BOOK</Sts><BookgDt><Dt>2026-01-14</Dt></BookgDt><ValDt><Dt>2026-01-14</Dt></ValDt><AcctSvcrRef>ZV20260114/514432</AcctSvcrRef><BkTxCd><Domn><Cd>PMNT</Cd><Fmly><Cd>ICDT</Cd><SubFmlyCd>AUTT</SubFmlyCd></Fmly></Domn></BkTxCd><NtryDtls><Btch><NbOfTxs>1</NbOfTxs><TtlAmt Ccy="CHF">28.7</TtlAmt><CdtDbtInd>DBIT</CdtDbtInd></Btch><TxDtls><Refs><AcctSvcrRef>ZV20260114/514432/8</AcctSvcrRef><InstrId>NOTPROVIDED</InstrId><EndToEndId>NOTPROVIDED</EndToEndId></Refs><Amt Ccy="CHF">28.7</Amt><CdtDbtInd>DBIT</CdtDbtInd><AmtDtls><InstdAmt><Amt Ccy="CHF">28.7</Amt></InstdAmt><TxAmt><Amt Ccy="CHF">28.7</Amt></TxAmt></AmtDtls><RltdPties><Dbtr><Nm>BECO - titulaire BERRA Nicole</Nm><PstlAdr><AdrLine>1203 Genève</AdrLine></PstlAdr></Dbtr><Cdtr><Nm>paycard c/o Retail Marketing Switzerland AG</Nm><PstlAdr><AdrLine>Postfach 2550</AdrLine><AdrLine>4002 Basel</AdrLine></PstlAdr></Cdtr><CdtrAcct><Id><IBAN>CH073000523058947001C</IBAN></Id></CdtrAcct></RltdPties><RltdAgts><CdtrAgt><FinInstnId><Nm>UBS Switzerland AG</Nm><PstlAdr><AdrLine>Bahnhofstrasse 45</AdrLine><AdrLine>8098 Zuerich</AdrLine></PstlAdr></FinInstnId></CdtrAgt></RltdAgts><RmtInf><Strd><CdtrRefInf><Tp><CdOrPrtry><Prtry>QRR</Prtry></CdOrPrtry></Tp><Ref>270768020316142521322991879</Ref></CdtrRefInf><AddtlRmtInf>Facture: 132299187 / Compte: 31614252 / À payer d&apos;ici le: 31.12.2025</AddtlRmtInf></Strd></RmtInf><AddtlTxInf>Ordre de paiement paycard c/o Retail Marketing Switze</AddtlTxInf></TxDtls></NtryDtls><AddtlNtryInf>Ordre de paiement paycard c/o Retail Marketing Switze</AddtlNtryInf></Ntry><Ntry><Amt Ccy="CHF">116.8</Amt><CdtDbtInd>DBIT</CdtDbtInd><RvslInd>false</RvslInd><Sts>BOOK</Sts><BookgDt><Dt>2026-01-14</Dt></BookgDt><ValDt><Dt>2026-01-14</Dt></ValDt><AcctSvcrRef>ZV20260114/514432</AcctSvcrRef><BkTxCd><Domn><Cd>PMNT</Cd><Fmly><Cd>ICDT</Cd><SubFmlyCd>AUTT</SubFmlyCd></Fmly></Domn></BkTxCd><NtryDtls><Btch><NbOfTxs>1</NbOfTxs><TtlAmt Ccy="CHF">116.8</TtlAmt><CdtDbtInd>DBIT</CdtDbtInd></Btch><TxDtls><Refs><AcctSvcrRef>ZV20260114/514432/9</AcctSvcrRef><InstrId>NOTPROVIDED</InstrId><EndToEndId>NOTPROVIDED</EndToEndId></Refs><Amt Ccy="CHF">116.8</Amt><CdtDbtInd>DBIT</CdtDbtInd><AmtDtls><InstdAmt><Amt Ccy="CHF">116.8</Amt></InstdAmt><TxAmt><Amt Ccy="CHF">116.8</Amt></TxAmt></AmtDtls><RltdPties><Dbtr><Nm>BECO - titulaire BERRA Nicole</Nm><PstlAdr><AdrLine>1203 Genève</AdrLine></PstlAdr></Dbtr><Cdtr><Nm>Digitec Galaxus AG</Nm><PstlAdr><AdrLine>Pfingstweidstrasse 60b</AdrLine><AdrLine>8005 Zürich</AdrLine></PstlAdr></Cdtr><CdtrAcct><Id><IBAN>CH7030000001857721765</IBAN></Id></CdtrAcct></RltdPties><RltdAgts><CdtrAgt><FinInstnId><Nm>PostFinance AG</Nm><PstlAdr><AdrLine>Mingerstrasse 20</AdrLine><AdrLine>3030 Bern</AdrLine></PstlAdr></FinInstnId></CdtrAgt></RltdAgts><RmtInf><Strd><CdtrRefInf><Tp><CdOrPrtry><Prtry>QRR</Prtry></CdOrPrtry></Tp><Ref>940000200248299400720565976</Ref></CdtrRefInf></Strd></RmtInf><AddtlTxInf>Ordre de paiement Digitec Galaxus AG</AddtlTxInf></TxDtls></NtryDtls><AddtlNtryInf>Ordre de paiement Digitec Galaxus AG</AddtlNtryInf></Ntry><Ntry><Amt Ccy="CHF">150</Amt><CdtDbtInd>DBIT</CdtDbtInd><RvslInd>false</RvslInd><Sts>BOOK</Sts><BookgDt><Dt>2026-01-14</Dt></BookgDt><ValDt><Dt>2026-01-14</Dt></ValDt><AcctSvcrRef>ZV20260114/514432</AcctSvcrRef><BkTxCd><Domn><Cd>PMNT</Cd><Fmly><Cd>ICDT</Cd><SubFmlyCd>AUTT</SubFmlyCd></Fmly></Domn></BkTxCd><NtryDtls><Btch><NbOfTxs>1</NbOfTxs><TtlAmt Ccy="CHF">150</TtlAmt><CdtDbtInd>DBIT</CdtDbtInd></Btch><TxDtls><Refs><AcctSvcrRef>ZV20260114/514432/11</AcctSvcrRef><InstrId>NOTPROVIDED</InstrId><EndToEndId>NOTPROVIDED</EndToEndId></Refs><Amt Ccy="CHF">150</Amt><CdtDbtInd>DBIT</CdtDbtInd><AmtDtls><InstdAmt><Amt Ccy="CHF">150</Amt></InstdAmt><TxAmt><Amt Ccy="CHF">150</Amt></TxAmt></AmtDtls><RltdPties><Dbtr><Nm>BECO - titulaire BERRA Nicole</Nm><PstlAdr><AdrLine>1203 Genève</AdrLine></PstlAdr></Dbtr><Cdtr><Nm>PayRed Card Services AG</Nm><PstlAdr><AdrLine>Allmendstrasse 23</AdrLine><AdrLine>8953 Dietikon</AdrLine></PstlAdr></Cdtr><CdtrAcct><Id><IBAN>CH4730000001874984396</IBAN></Id></CdtrAcct></RltdPties><RltdAgts><CdtrAgt><FinInstnId><Nm>PostFinance AG</Nm><PstlAdr><AdrLine>Mingerstrasse 20</AdrLine><AdrLine>3030 Bern</AdrLine></PstlAdr></FinInstnId></CdtrAgt></RltdAgts><RmtInf><Strd><CdtrRefInf><Tp><CdOrPrtry><Prtry>QRR</Prtry></CdOrPrtry></Tp><Ref>210200000017333930003643873</Ref></CdtrRefInf></Strd></RmtInf><AddtlTxInf>Ordre de paiement PayRed Card Services AG</AddtlTxInf></TxDtls></NtryDtls><AddtlNtryInf>Ordre de paiement PayRed Card Services AG</AddtlNtryInf></Ntry><Ntry><Amt Ccy="CHF">85</Amt><CdtDbtInd>DBIT</CdtDbtInd><RvslInd>false</RvslInd><Sts>BOOK</Sts><BookgDt><Dt>2026-01-14</Dt></BookgDt><ValDt><Dt>2026-01-14</Dt></ValDt><AcctSvcrRef>ZV20260114/514432</AcctSvcrRef><BkTxCd><Domn><Cd>PMNT</Cd><Fmly><Cd>ICDT</Cd><SubFmlyCd>AUTT</SubFmlyCd></Fmly></Domn></BkTxCd><NtryDtls><Btch><NbOfTxs>1</NbOfTxs><TtlAmt Ccy="CHF">85</TtlAmt><CdtDbtInd>DBIT</CdtDbtInd></Btch><TxDtls><Refs><AcctSvcrRef>ZV20260114/514432/6</AcctSvcrRef><InstrId>NOTPROVIDED</InstrId><EndToEndId>NOTPROVIDED</EndToEndId></Refs><Amt Ccy="CHF">85</Amt><CdtDbtInd>DBIT</CdtDbtInd><AmtDtls><InstdAmt><Amt Ccy="CHF">85</Amt></InstdAmt><TxAmt><Amt Ccy="CHF">85</Amt></TxAmt></AmtDtls><RltdPties><Dbtr><Nm>BECO - titulaire BERRA Nicole</Nm><PstlAdr><AdrLine>1203 Genève</AdrLine></PstlAdr></Dbtr><Cdtr><Nm>PayRed Card Services AG</Nm><PstlAdr><AdrLine>Allmendstrasse 23</AdrLine><AdrLine>8953 Dietikon</AdrLine></PstlAdr></Cdtr><CdtrAcct><Id><IBAN>CH4730000001874984396</IBAN></Id></CdtrAcct></RltdPties><RltdAgts><CdtrAgt><FinInstnId><Nm>PostFinance AG</Nm><PstlAdr><AdrLine>Mingerstrasse 20</AdrLine><AdrLine>3030 Bern</AdrLine></PstlAdr></FinInstnId></CdtrAgt></RltdAgts><RmtInf><Strd><CdtrRefInf><Tp><CdOrPrtry><Prtry>QRR</Prtry></CdOrPrtry></Tp><Ref>210200000017333910004254332</Ref></CdtrRefInf></Strd></RmtInf><AddtlTxInf>Ordre de paiement PayRed Card Services AG</AddtlTxInf></TxDtls></NtryDtls><AddtlNtryInf>Ordre de paiement PayRed Card Services AG</AddtlNtryInf></Ntry><Ntry><Amt Ccy="CHF">100</Amt><CdtDbtInd>DBIT</CdtDbtInd><RvslInd>false</RvslInd><Sts>BOOK</Sts><BookgDt><Dt>2026-01-14</Dt></BookgDt><ValDt><Dt>2026-01-14</Dt></ValDt><AcctSvcrRef>ZV20260114/514432</AcctSvcrRef><BkTxCd><Domn><Cd>PMNT</Cd><Fmly><Cd>ICDT</Cd><SubFmlyCd>AUTT</SubFmlyCd></Fmly></Domn></BkTxCd><NtryDtls><Btch><NbOfTxs>1</NbOfTxs><TtlAmt Ccy="CHF">100</TtlAmt><CdtDbtInd>DBIT</CdtDbtInd></Btch><TxDtls><Refs><AcctSvcrRef>ZV20260114/514432/4</AcctSvcrRef><InstrId>NOTPROVIDED</InstrId><EndToEndId>NOTPROVIDED</EndToEndId></Refs><Amt Ccy="CHF">100</Amt><CdtDbtInd>DBIT</CdtDbtInd><AmtDtls><InstdAmt><Amt Ccy="CHF">100</Amt></InstdAmt><TxAmt><Amt Ccy="CHF">100</Amt></TxAmt></AmtDtls><RltdPties><Dbtr><Nm>BECO - titulaire BERRA Nicole</Nm><PstlAdr><AdrLine>1203 Genève</AdrLine></PstlAdr></Dbtr><Cdtr><Nm>Cembra Money Bank SA</Nm><PstlAdr><AdrLine>Case postal</AdrLine><AdrLine>8048 Zurich</AdrLine></PstlAdr></Cdtr><CdtrAcct><Id><IBAN>CH7230114000000018007</IBAN></Id></CdtrAcct></RltdPties><RltdAgts><CdtrAgt><FinInstnId><Nm>Cembra Money Bank AG</Nm><PstlAdr><AdrLine>Baendliweg 20</AdrLine><AdrLine>8048 Zuerich</AdrLine></PstlAdr></FinInstnId></CdtrAgt></RltdAgts><RmtInf><Strd><CdtrRefInf><Tp><CdOrPrtry><Prtry>QRR</Prtry></CdOrPrtry></Tp><Ref>100000000000062800277790400</Ref></CdtrRefInf><AddtlRmtInf>En faveur de compte no 6280027779</AddtlRmtInf></Strd></RmtInf><AddtlTxInf>Ordre de paiement Cembra Money Bank SA</AddtlTxInf></TxDtls></NtryDtls><AddtlNtryInf>Ordre de paiement Cembra Money Bank SA</AddtlNtryInf></Ntry><Ntry><Amt Ccy="CHF">163.12</Amt><CdtDbtInd>DBIT</CdtDbtInd><RvslInd>false</RvslInd><Sts>BOOK</Sts><BookgDt><Dt>2026-01-14</Dt></BookgDt><ValDt><Dt>2026-01-14</Dt></ValDt><AcctSvcrRef>ZV20260114/511030</AcctSvcrRef><BkTxCd><Domn><Cd>PMNT</Cd><Fmly><Cd>ICDT</Cd><SubFmlyCd>AUTT</SubFmlyCd></Fmly></Domn></BkTxCd><NtryDtls><Btch><NbOfTxs>1</NbOfTxs><TtlAmt Ccy="CHF">163.12</TtlAmt><CdtDbtInd>DBIT</CdtDbtInd></Btch><TxDtls><Refs><AcctSvcrRef>ZV20260114/511030/2</AcctSvcrRef><InstrId>NOTPROVIDED</InstrId><EndToEndId>NOTPROVIDED</EndToEndId></Refs><Amt Ccy="CHF">163.12</Amt><CdtDbtInd>DBIT</CdtDbtInd><AmtDtls><InstdAmt><Amt Ccy="CHF">163.12</Amt></InstdAmt><TxAmt><Amt Ccy="CHF">163.12</Amt></TxAmt></AmtDtls><RltdPties><Dbtr><Nm>BECO - titulaire BERRA Nicole</Nm><PstlAdr><AdrLine>1203 Genève</AdrLine></PstlAdr></Dbtr><Cdtr><Nm>Viking Schweiz GmbH</Nm><PstlAdr><AdrLine>Salinenstrasse 59</AdrLine><AdrLine>4133 Pratteln</AdrLine></PstlAdr></Cdtr><CdtrAcct><Id><IBAN>CH293000523088068202X</IBAN></Id></CdtrAcct></RltdPties><RltdAgts><CdtrAgt><FinInstnId><Nm>UBS Switzerland AG</Nm><PstlAdr><AdrLine>Bahnhofstrasse 45</AdrLine><AdrLine>8098 Zuerich</AdrLine></PstlAdr></FinInstnId></CdtrAgt></RltdAgts><RmtInf><Strd><CdtrRefInf><Tp><CdOrPrtry><Prtry>QRR</Prtry></CdOrPrtry></Tp><Ref>904613101000844890617829833</Ref></CdtrRefInf><AddtlRmtInf>1782983</AddtlRmtInf></Strd></RmtInf><AddtlTxInf>Ordre de paiement Viking Schweiz GmbH</AddtlTxInf></TxDtls></NtryDtls><AddtlNtryInf>Ordre de paiement Viking Schweiz GmbH</AddtlNtryInf></Ntry><Ntry><Amt Ccy="CHF">291.25</Amt><CdtDbtInd>DBIT</CdtDbtInd><RvslInd>false</RvslInd><Sts>BOOK</Sts><BookgDt><Dt>2026-01-14</Dt></BookgDt><ValDt><Dt>2026-01-14</Dt></ValDt><AcctSvcrRef>ZV20260114/511030</AcctSvcrRef><BkTxCd><Domn><Cd>PMNT</Cd><Fmly><Cd>ICDT</Cd><SubFmlyCd>AUTT</SubFmlyCd></Fmly></Domn></BkTxCd><NtryDtls><Btch><NbOfTxs>1</NbOfTxs><TtlAmt Ccy="CHF">291.25</TtlAmt><CdtDbtInd>DBIT</CdtDbtInd></Btch><TxDtls><Refs><AcctSvcrRef>ZV20260114/511030/4</AcctSvcrRef><InstrId>NOTPROVIDED</InstrId><EndToEndId>NOTPROVIDED</EndToEndId></Refs><Amt Ccy="CHF">291.25</Amt><CdtDbtInd>DBIT</CdtDbtInd><AmtDtls><InstdAmt><Amt Ccy="CHF">291.25</Amt></InstdAmt><TxAmt><Amt Ccy="CHF">291.25</Amt></TxAmt></AmtDtls><RltdPties><Dbtr><Nm>BECO - titulaire BERRA Nicole</Nm><PstlAdr><AdrLine>1203 Genève</AdrLine></PstlAdr></Dbtr><Cdtr><Nm>Etat de Genève - Trésorerie générale</Nm><PstlAdr><AdrLine>Rue du Stand 26</AdrLine><AdrLine>1211 Genève 3</AdrLine></PstlAdr></Cdtr><CdtrAcct><Id><IBAN>CH3730000001120000402</IBAN></Id></CdtrAcct></RltdPties><RltdAgts><CdtrAgt><FinInstnId><Nm>PostFinance AG</Nm><PstlAdr><AdrLine>Mingerstrasse 20</AdrLine><AdrLine>3030 Bern</AdrLine></PstlAdr></FinInstnId></CdtrAgt></RltdAgts><RmtInf><Strd><CdtrRefInf><Tp><CdOrPrtry><Prtry>QRR</Prtry></CdOrPrtry></Tp><Ref>800009210702202525010919986</Ref></CdtrRefInf><AddtlRmtInf>Office cantonal des véhicules</AddtlRmtInf></Strd></RmtInf><AddtlTxInf>Ordre de paiement Etat de Genève - Trésorerie général</AddtlTxInf></TxDtls></NtryDtls><AddtlNtryInf>Ordre de paiement Etat de Genève - Trésorerie général</AddtlNtryInf></Ntry><Ntry><Amt Ccy="CHF">60.2</Amt><CdtDbtInd>DBIT</CdtDbtInd><RvslInd>false</RvslInd><Sts>BOOK</Sts><BookgDt><Dt>2026-01-14</Dt></BookgDt><ValDt><Dt>2026-01-14</Dt></ValDt><AcctSvcrRef>ZV20260114/511030</AcctSvcrRef><BkTxCd><Domn><Cd>PMNT</Cd><Fmly><Cd>ICDT</Cd><SubFmlyCd>AUTT</SubFmlyCd></Fmly></Domn></BkTxCd><NtryDtls><Btch><NbOfTxs>1</NbOfTxs><TtlAmt Ccy="CHF">60.2</TtlAmt><CdtDbtInd>DBIT</CdtDbtInd></Btch><TxDtls><Refs><AcctSvcrRef>ZV20260114/511030/3</AcctSvcrRef><InstrId>NOTPROVIDED</InstrId><EndToEndId>NOTPROVIDED</EndToEndId></Refs><Amt Ccy="CHF">60.2</Amt><CdtDbtInd>DBIT</CdtDbtInd><AmtDtls><InstdAmt><Amt Ccy="CHF">60.2</Amt></InstdAmt><TxAmt><Amt Ccy="CHF">60.2</Amt></TxAmt></AmtDtls><RltdPties><Dbtr><Nm>BECO - titulaire BERRA Nicole</Nm><PstlAdr><AdrLine>1203 Genève</AdrLine></PstlAdr></Dbtr><Cdtr><Nm>volenergy AG - Routex</Nm><PstlAdr><AdrLine>Spittelweg 1</AdrLine><AdrLine>5034 Suhr</AdrLine></PstlAdr></Cdtr><CdtrAcct><Id><IBAN>CH1030761051770302003</IBAN></Id></CdtrAcct></RltdPties><RltdAgts><CdtrAgt><FinInstnId><Nm>Aargauische Kantonalbank</Nm><PstlAdr><AdrLine>Bahnhofplatz 1</AdrLine><AdrLine>5001 Aarau</AdrLine></PstlAdr></FinInstnId></CdtrAgt></RltdAgts><RmtInf><Strd><CdtrRefInf><Tp><CdOrPrtry><Prtry>QRR</Prtry></CdOrPrtry></Tp><Ref>910148000002435757010527895</Ref></CdtrRefInf></Strd></RmtInf><AddtlTxInf>Ordre de paiement volenergy AG - Routex</AddtlTxInf></TxDtls></NtryDtls><AddtlNtryInf>Ordre de paiement volenergy AG - Routex</AddtlNtryInf></Ntry><Ntry><Amt Ccy="CHF">149</Amt><CdtDbtInd>DBIT</CdtDbtInd><RvslInd>false</RvslInd><Sts>BOOK</Sts><BookgDt><Dt>2026-01-14</Dt></BookgDt><ValDt><Dt>2026-01-14</Dt></ValDt><AcctSvcrRef>ZV20260114/511030</AcctSvcrRef><BkTxCd><Domn><Cd>PMNT</Cd><Fmly><Cd>ICDT</Cd><SubFmlyCd>AUTT</SubFmlyCd></Fmly></Domn></BkTxCd><NtryDtls><Btch><NbOfTxs>1</NbOfTxs><TtlAmt Ccy="CHF">149</TtlAmt><CdtDbtInd>DBIT</CdtDbtInd></Btch><TxDtls><Refs><AcctSvcrRef>ZV20260114/511030/6</AcctSvcrRef><InstrId>NOTPROVIDED</InstrId><EndToEndId>NOTPROVIDED</EndToEndId></Refs><Amt Ccy="CHF">149</Amt><CdtDbtInd>DBIT</CdtDbtInd><AmtDtls><InstdAmt><Amt Ccy="CHF">149</Amt></InstdAmt><TxAmt><Amt Ccy="CHF">149</Amt></TxAmt></AmtDtls><RltdPties><Dbtr><Nm>BECO - titulaire BERRA Nicole</Nm><PstlAdr><AdrLine>1203 Genève</AdrLine></PstlAdr></Dbtr><Cdtr><Nm>Touring Club Suisse</Nm><PstlAdr><AdrLine>Chemin de Blandonnet 4</AdrLine><AdrLine>1214 Vernier</AdrLine></PstlAdr></Cdtr><CdtrAcct><Id><IBAN>CH3730000001120024167</IBAN></Id></CdtrAcct></RltdPties><RltdAgts><CdtrAgt><FinInstnId><Nm>PostFinance AG</Nm><PstlAdr><AdrLine>Mingerstrasse 20</AdrLine><AdrLine>3030 Bern</AdrLine></PstlAdr></FinInstnId></CdtrAgt></RltdAgts><RmtInf><Strd><CdtrRefInf><Tp><CdOrPrtry><Prtry>QRR</Prtry></CdOrPrtry></Tp><Ref>710119740231000500115323074</Ref></CdtrRefInf></Strd></RmtInf><AddtlTxInf>Ordre de paiement Touring Club Suisse</AddtlTxInf></TxDtls></NtryDtls><AddtlNtryInf>Ordre de paiement Touring Club Suisse</AddtlNtryInf></Ntry><Ntry><Amt Ccy="CHF">105</Amt><CdtDbtInd>DBIT</CdtDbtInd><RvslInd>false</RvslInd><Sts>BOOK</Sts><BookgDt><Dt>2026-01-14</Dt></BookgDt><ValDt><Dt>2026-01-14</Dt></ValDt><AcctSvcrRef>ZV20260114/511030</AcctSvcrRef><BkTxCd><Domn><Cd>PMNT</Cd><Fmly><Cd>ICDT</Cd><SubFmlyCd>AUTT</SubFmlyCd></Fmly></Domn></BkTxCd><NtryDtls><Btch><NbOfTxs>1</NbOfTxs><TtlAmt Ccy="CHF">105</TtlAmt><CdtDbtInd>DBIT</CdtDbtInd></Btch><TxDtls><Refs><AcctSvcrRef>ZV20260114/511030/5</AcctSvcrRef><InstrId>NOTPROVIDED</InstrId><EndToEndId>NOTPROVIDED</EndToEndId></Refs><Amt Ccy="CHF">105</Amt><CdtDbtInd>DBIT</CdtDbtInd><AmtDtls><InstdAmt><Amt Ccy="CHF">105</Amt></InstdAmt><TxAmt><Amt Ccy="CHF">105</Amt></TxAmt></AmtDtls><RltdPties><Dbtr><Nm>BECO - titulaire BERRA Nicole</Nm><PstlAdr><AdrLine>1203 Genève</AdrLine></PstlAdr></Dbtr><Cdtr><Nm>Etat de Genève, Contributions publiques Direction de la perception</Nm><PstlAdr><AdrLine>Rue du Stand 26</AdrLine><AdrLine>1211 Genève 3</AdrLine></PstlAdr></Cdtr></RltdPties><RltdAgts><CdtrAgt><FinInstnId><BICFI>BCGECHGGXXX</BICFI></FinInstnId></CdtrAgt></RltdAgts><RmtInf><Strd><CdtrRefInf><Tp><CdOrPrtry><Prtry>QRR</Prtry></CdOrPrtry></Tp><Ref>000128170842535120250010736</Ref></CdtrRefInf><AddtlRmtInf>Impôt sur les chiens 2025 ICHIENS / R17.084.253-1 / 2025 R17.084.253</AddtlRmtInf></Strd></RmtInf><AddtlTxInf>Ordre de paiement Etat de Genève, Contributions publiques Direction de la perception</AddtlTxInf></TxDtls></NtryDtls><AddtlNtryInf>Ordre de paiement Etat de Genève, Contributions publiques Direction de la perception</AddtlNtryInf></Ntry><Ntry><Amt Ccy="CHF">454.1</Amt><CdtDbtInd>DBIT</CdtDbtInd><RvslInd>false</RvslInd><Sts>BOOK</Sts><BookgDt><Dt>2026-01-14</Dt></BookgDt><ValDt><Dt>2026-01-14</Dt></ValDt><AcctSvcrRef>ZV20260114/511030</AcctSvcrRef><BkTxCd><Domn><Cd>PMNT</Cd><Fmly><Cd>ICDT</Cd><SubFmlyCd>AUTT</SubFmlyCd></Fmly></Domn></BkTxCd><NtryDtls><Btch><NbOfTxs>1</NbOfTxs><TtlAmt Ccy="CHF">454.1</TtlAmt><CdtDbtInd>DBIT</CdtDbtInd></Btch><TxDtls><Refs><AcctSvcrRef>ZV20260114/511030/1</AcctSvcrRef><InstrId>NOTPROVIDED</InstrId><EndToEndId>NOTPROVIDED</EndToEndId></Refs><Amt Ccy="CHF">454.1</Amt><CdtDbtInd>DBIT</CdtDbtInd><AmtDtls><InstdAmt><Amt Ccy="CHF">454.1</Amt></InstdAmt><TxAmt><Amt Ccy="CHF">454.1</Amt></TxAmt></AmtDtls><RltdPties><Dbtr><Nm>BECO - titulaire BERRA Nicole</Nm><PstlAdr><AdrLine>1203 Genève</AdrLine></PstlAdr></Dbtr><Cdtr><Nm>CCh du canton Geneve</Nm><PstlAdr><AdrLine>Rue de Montbrillant 40</AdrLine><AdrLine>1211 Geneve</AdrLine></PstlAdr></Cdtr></RltdPties><RltdAgts><CdtrAgt><FinInstnId><BICFI>BCGECHGGXXX</BICFI></FinInstnId></CdtrAgt></RltdAgts><RmtInf><Strd><CdtrRefInf><Tp><CdOrPrtry><Prtry>QRR</Prtry></CdOrPrtry></Tp><Ref>100642225021617099000971652</Ref></CdtrRefInf></Strd></RmtInf><AddtlTxInf>Ordre de paiement CCh du canton Geneve</AddtlTxInf></TxDtls></NtryDtls><AddtlNtryInf>Ordre de paiement CCh du canton Geneve</AddtlNtryInf></Ntry><Ntry><Amt Ccy="CHF">15.5</Amt><CdtDbtInd>DBIT</CdtDbtInd><RvslInd>false</RvslInd><Sts>BOOK</Sts><BookgDt><Dt>2026-01-15</Dt></BookgDt><ValDt><Dt>2026-01-13</Dt></ValDt><AcctSvcrRef>ZV20260115/590379</AcctSvcrRef><BkTxCd><Domn><Cd>PMNT</Cd><Fmly><Cd>ICDT</Cd><SubFmlyCd>OTHR</SubFmlyCd></Fmly></Domn></BkTxCd><NtryDtls><Btch><NbOfTxs>1</NbOfTxs><TtlAmt Ccy="CHF">15.5</TtlAmt><CdtDbtInd>DBIT</CdtDbtInd></Btch><TxDtls><Refs><AcctSvcrRef>ZV20260115/590379/1</AcctSvcrRef><InstrId>691574</InstrId><EndToEndId>NOTPROVIDED</EndToEndId></Refs><Amt Ccy="CHF">15.5</Amt><CdtDbtInd>DBIT</CdtDbtInd><AmtDtls><InstdAmt><Amt Ccy="CHF">15.5</Amt></InstdAmt></AmtDtls><RltdPties><Dbtr><Nm>NOTPROVIDED</Nm></Dbtr><Cdtr><Nm>BECO - titulaire BERRA Nicole</Nm><PstlAdr><AdrLine>1203 Genève</AdrLine></PstlAdr></Cdtr></RltdPties><RmtInf><Ustrd>13.01.2026 12:48 LSP*Guillaume Bichet Numéro de carte: 535445******3167  </Ustrd></RmtInf><AddtlTxInf>Achat Mastercard 13.01.2026 12:48 LSP*Guillaume Bichet Numéro de carte: 535445******3167</AddtlTxInf></TxDtls></NtryDtls><AddtlNtryInf>Achat Mastercard 13.01.2026 12:48 LSP*Guillaume Bichet Numéro de carte: 535445******3167</AddtlNtryInf></Ntry><Ntry><Amt Ccy="CHF">850</Amt><CdtDbtInd>CRDT</CdtDbtInd><RvslInd>false</RvslInd><Sts>BOOK</Sts><BookgDt><Dt>2026-01-15</Dt></BookgDt><ValDt><Dt>2026-01-15</Dt></ValDt><AcctSvcrRef>ZV20260115/638945</AcctSvcrRef><BkTxCd><Domn><Cd>PMNT</Cd><Fmly><Cd>RCDT</Cd><SubFmlyCd>AUTT</SubFmlyCd></Fmly></Domn></BkTxCd><NtryDtls><Btch><NbOfTxs>1</NbOfTxs><TtlAmt Ccy="CHF">850</TtlAmt><CdtDbtInd>CRDT</CdtDbtInd></Btch><TxDtls><Refs><AcctSvcrRef>ZV20260115/638945/1</AcctSvcrRef><EndToEndId>NOTPROVIDED</EndToEndId><TxId>260114CH0E8D9ASY</TxId></Refs><Amt Ccy="CHF">850</Amt><CdtDbtInd>CRDT</CdtDbtInd><AmtDtls><InstdAmt><Amt Ccy="CHF">850</Amt></InstdAmt><TxAmt><Amt Ccy="CHF">850</Amt></TxAmt></AmtDtls><RltdPties><Dbtr><Nm>Haliti, Blerim</Nm><PstlAdr><StrtNm>Rue de la Canonniere</StrtNm><BldgNb>16</BldgNb><PstCd>1202</PstCd><TwnNm>Geneve</TwnNm><Ctry>CH</Ctry></PstlAdr></Dbtr><DbtrAcct><Id><IBAN>CH2309000000153314925</IBAN></Id></DbtrAcct><UltmtDbtr><Nm>ABZ Renovation - M. HALITI Blerim</Nm><PstlAdr><StrtNm>c/o SKS Consultants Sarl - Boulevard du Pont-d.Arve</StrtNm><BldgNb>10</BldgNb><PstCd>1205</PstCd><TwnNm>Geneve</TwnNm><Ctry>CH</Ctry></PstlAdr></UltmtDbtr><Cdtr><Nm>BECO - titulaire BERRA Nicole</Nm><PstlAdr><AdrLine>1203 Genève</AdrLine></PstlAdr></Cdtr></RltdPties><RltdAgts><DbtrAgt><FinInstnId><ClrSysMmbId><ClrSysId><Cd>CHSIC</Cd></ClrSysId><MmbId>090002</MmbId></ClrSysMmbId></FinInstnId></DbtrAgt></RltdAgts><AddtlTxInf>Crédit ABZ Renovation - M. HALITI Blerim</AddtlTxInf></TxDtls></NtryDtls><AddtlNtryInf>Crédit ABZ Renovation - M. HALITI Blerim</AddtlNtryInf></Ntry><Ntry><Amt Ccy="CHF">500</Amt><CdtDbtInd>CRDT</CdtDbtInd><RvslInd>false</RvslInd><Sts>BOOK</Sts><BookgDt><Dt>2026-01-15</Dt></BookgDt><ValDt><Dt>2026-01-15</Dt></ValDt><AcctSvcrRef>ZV20260115/680975</AcctSvcrRef><BkTxCd><Domn><Cd>PMNT</Cd><Fmly><Cd>RCDT</Cd><SubFmlyCd>AUTT</SubFmlyCd></Fmly></Domn></BkTxCd><NtryDtls><Btch><NbOfTxs>1</NbOfTxs><TtlAmt Ccy="CHF">500</TtlAmt><CdtDbtInd>CRDT</CdtDbtInd></Btch><TxDtls><Refs><AcctSvcrRef>ZV20260115/680975/1</AcctSvcrRef><EndToEndId>NOTPROVIDED</EndToEndId><TxId>0106015TK7657401</TxId></Refs><Amt Ccy="CHF">500</Amt><CdtDbtInd>CRDT</CdtDbtInd><AmtDtls><InstdAmt><Amt Ccy="CHF">500</Amt></InstdAmt><TxAmt><Amt Ccy="CHF">500</Amt></TxAmt></AmtDtls><Chrgs><Rcrd><Amt Ccy="CHF">0</Amt><CdtDbtInd>CRDT</CdtDbtInd><Tp><Prtry><Id>SHAR</Id></Prtry></Tp></Rcrd></Chrgs><RltdPties><Dbtr><Nm>SARL GVD DISTRIBUTION</Nm><PstlAdr><AdrLine>CHEMIN DU PONT DE VILLE 5A CH 1224 CHENE BOUGERIES</AdrLine></PstlAdr></Dbtr><DbtrAcct><Id><IBAN>CH740020620684752001C</IBAN></Id></DbtrAcct><UltmtDbtr><Nm>G.V.D. DISTRIBUTION SARL</Nm><PstlAdr><StrtNm>RUE DE GENEVE</StrtNm><BldgNb>150</BldgNb><PstCd>1226</PstCd><TwnNm>THONEX</TwnNm><Ctry>CH</Ctry></PstlAdr></UltmtDbtr><Cdtr><Nm>BECO - titulaire BERRA Nicole</Nm><PstlAdr><AdrLine>1203 Genève</AdrLine></PstlAdr></Cdtr></RltdPties><RltdAgts><DbtrAgt><FinInstnId><ClrSysMmbId><ClrSysId><Cd>CHSIC</Cd></ClrSysId><MmbId>002062</MmbId></ClrSysMmbId></FinInstnId></DbtrAgt></RltdAgts><AddtlTxInf>Crédit G.V.D. DISTRIBUTION SARL</AddtlTxInf></TxDtls></NtryDtls><AddtlNtryInf>Crédit G.V.D. DISTRIBUTION SARL</AddtlNtryInf></Ntry><Ntry><Amt Ccy="CHF">1000</Amt><CdtDbtInd>CRDT</CdtDbtInd><RvslInd>false</RvslInd><Sts>BOOK</Sts><BookgDt><Dt>2026-01-16</Dt></BookgDt><ValDt><Dt>2026-01-16</Dt></ValDt><BkTxCd><Domn><Cd>PMNT</Cd><Fmly><Cd>RCDT</Cd><SubFmlyCd>OTHR</SubFmlyCd></Fmly></Domn></BkTxCd><NtryDtls><TxDtls><Refs><InstrId>NOTPROVIDED</InstrId><EndToEndId>NOTPROVIDED</EndToEndId></Refs><Amt Ccy="CHF">1000</Amt><CdtDbtInd>CRDT</CdtDbtInd></TxDtls></NtryDtls><AddtlNtryInf>Dépôt bancomat CHF 1,000.00, 16.01.2026 12:25, 78800634 Servette-Wendt, carte: 535445******7727</AddtlNtryInf></Ntry><Ntry><Amt Ccy="CHF">390</Amt><CdtDbtInd>DBIT</CdtDbtInd><RvslInd>false</RvslInd><Sts>BOOK</Sts><BookgDt><Dt>2026-01-16</Dt></BookgDt><ValDt><Dt>2026-01-16</Dt></ValDt><AcctSvcrRef>ZV20260116/857849</AcctSvcrRef><BkTxCd><Domn><Cd>PMNT</Cd><Fmly><Cd>ICDT</Cd><SubFmlyCd>AUTT</SubFmlyCd></Fmly></Domn></BkTxCd><NtryDtls><Btch><NbOfTxs>1</NbOfTxs><TtlAmt Ccy="CHF">390</TtlAmt><CdtDbtInd>DBIT</CdtDbtInd></Btch><TxDtls><Refs><AcctSvcrRef>ZV20260116/857849/1</AcctSvcrRef><InstrId>NOTPROVIDED</InstrId><EndToEndId>NOTPROVIDED</EndToEndId></Refs><Amt Ccy="CHF">390</Amt><CdtDbtInd>DBIT</CdtDbtInd><AmtDtls><InstdAmt><Amt Ccy="CHF">390</Amt></InstdAmt><TxAmt><Amt Ccy="CHF">390</Amt></TxAmt></AmtDtls><RltdPties><Dbtr><Nm>BECO - titulaire BERRA Nicole</Nm><PstlAdr><AdrLine>1203 Genève</AdrLine></PstlAdr></Dbtr><Cdtr><Nm>SKS Consultants Sàrl</Nm><PstlAdr><AdrLine>Boulevard du Pont-d&apos;Arve 10</AdrLine><AdrLine>1205 Genève</AdrLine></PstlAdr></Cdtr><CdtrAcct><Id><IBAN>CH730021521519437601Z</IBAN></Id></CdtrAcct></RltdPties><RltdAgts><CdtrAgt><FinInstnId><Nm>UBS Switzerland AG</Nm><PstlAdr><AdrLine>Rue du Rhone 8</AdrLine><AdrLine>1211 Geneve 2</AdrLine></PstlAdr></FinInstnId></CdtrAgt></RltdAgts><RmtInf><Ustrd>Facture-1545</Ustrd></RmtInf><AddtlTxInf>Ordre de paiement SKS Consultants Sàrl</AddtlTxInf></TxDtls></NtryDtls><AddtlNtryInf>Ordre de paiement SKS Consultants Sàrl</AddtlNtryInf></Ntry><Ntry><Amt Ccy="CHF">253</Amt><CdtDbtInd>DBIT</CdtDbtInd><RvslInd>false</RvslInd><Sts>BOOK</Sts><BookgDt><Dt>2026-01-20</Dt></BookgDt><ValDt><Dt>2026-01-20</Dt></ValDt><AcctSvcrRef>ZV20260119/296435</AcctSvcrRef><BkTxCd><Domn><Cd>PMNT</Cd><Fmly><Cd>ICDT</Cd><SubFmlyCd>AUTT</SubFmlyCd></Fmly></Domn></BkTxCd><NtryDtls><Btch><NbOfTxs>1</NbOfTxs><TtlAmt Ccy="CHF">253</TtlAmt><CdtDbtInd>DBIT</CdtDbtInd></Btch><TxDtls><Refs><AcctSvcrRef>ZV20260119/296435/1</AcctSvcrRef><InstrId>NOTPROVIDED</InstrId><EndToEndId>NOTPROVIDED</EndToEndId></Refs><Amt Ccy="CHF">253</Amt><CdtDbtInd>DBIT</CdtDbtInd><AmtDtls><InstdAmt><Amt Ccy="CHF">253</Amt></InstdAmt><TxAmt><Amt Ccy="CHF">253</Amt></TxAmt></AmtDtls><RltdPties><Dbtr><Nm>BECO - titulaire BERRA Nicole</Nm><PstlAdr><AdrLine>1203 Genève</AdrLine></PstlAdr></Dbtr><Cdtr><Nm>Nestlé Nespresso S.A.</Nm><PstlAdr><AdrLine>Chaussée de la Guinguette 10</AdrLine><AdrLine>1800 Vevey</AdrLine></PstlAdr></Cdtr><CdtrAcct><Id><IBAN>CH5530005240C02521250</IBAN></Id></CdtrAcct></RltdPties><RltdAgts><CdtrAgt><FinInstnId><Nm>UBS Switzerland AG</Nm><PstlAdr><AdrLine>Bahnhofstrasse 45</AdrLine><AdrLine>8098 Zuerich</AdrLine></PstlAdr></FinInstnId></CdtrAgt></RltdAgts><RmtInf><Strd><CdtrRefInf><Tp><CdOrPrtry><Prtry>QRR</Prtry></CdOrPrtry></Tp><Ref>248869000037785701056313920</Ref></CdtrRefInf></Strd></RmtInf><AddtlTxInf>Ordre de paiement Nestlé Nespresso S.A.</AddtlTxInf></TxDtls></NtryDtls><AddtlNtryInf>Ordre de paiement Nestlé Nespresso S.A.</AddtlNtryInf></Ntry><Ntry><Amt Ccy="CHF">200</Amt><CdtDbtInd>CRDT</CdtDbtInd><RvslInd>false</RvslInd><Sts>BOOK</Sts><BookgDt><Dt>2026-01-20</Dt></BookgDt><ValDt><Dt>2026-01-20</Dt></ValDt><AcctSvcrRef>ZV20260120/372546</AcctSvcrRef><BkTxCd><Domn><Cd>PMNT</Cd><Fmly><Cd>RCDT</Cd><SubFmlyCd>AUTT</SubFmlyCd></Fmly></Domn></BkTxCd><NtryDtls><Btch><NbOfTxs>1</NbOfTxs><TtlAmt Ccy="CHF">200</TtlAmt><CdtDbtInd>CRDT</CdtDbtInd></Btch><TxDtls><Refs><AcctSvcrRef>ZV20260120/372546/1</AcctSvcrRef><EndToEndId>NOTPROVIDED</EndToEndId><TxId>9315020TO1955876</TxId></Refs><Amt Ccy="CHF">200</Amt><CdtDbtInd>CRDT</CdtDbtInd><AmtDtls><InstdAmt><Amt Ccy="CHF">200</Amt></InstdAmt><TxAmt><Amt Ccy="CHF">200</Amt></TxAmt></AmtDtls><Chrgs><Rcrd><Amt Ccy="CHF">0</Amt><CdtDbtInd>CRDT</CdtDbtInd><Tp><Prtry><Id>SHAR</Id></Prtry></Tp></Rcrd></Chrgs><RltdPties><Dbtr><Nm>LD AGENCIUM SARL</Nm><PstlAdr><AdrLine>C/O SKS CONSULTANTS SARL BOULEVARD DU PONT D&apos;ARVE 10 CH 1205 GENEVE</AdrLine></PstlAdr></Dbtr><DbtrAcct><Id><IBAN>CH970021521526319001A</IBAN></Id></DbtrAcct><UltmtDbtr><Nm>LD AGENCIUM SARL</Nm><PstlAdr><StrtNm>C/O SKS CONSULTANTS SARL - BOULEVARD DU PONT-D&apos;ARVE</StrtNm><BldgNb>10</BldgNb><PstCd>1205</PstCd><TwnNm>GENEVE</TwnNm><Ctry>CH</Ctry></PstlAdr></UltmtDbtr><Cdtr><Nm>BECO - titulaire BERRA Nicole</Nm><PstlAdr><AdrLine>1203 Genève</AdrLine></PstlAdr></Cdtr></RltdPties><RltdAgts><DbtrAgt><FinInstnId><ClrSysMmbId><ClrSysId><Cd>CHSIC</Cd></ClrSysId><MmbId>002159</MmbId></ClrSysMmbId></FinInstnId></DbtrAgt></RltdAgts><AddtlTxInf>Crédit LD AGENCIUM SARL</AddtlTxInf></TxDtls></NtryDtls><AddtlNtryInf>Crédit LD AGENCIUM SARL</AddtlNtryInf></Ntry><Ntry><Amt Ccy="CHF">1000</Amt><CdtDbtInd>CRDT</CdtDbtInd><RvslInd>false</RvslInd><Sts>BOOK</Sts><BookgDt><Dt>2026-01-20</Dt></BookgDt><ValDt><Dt>2026-01-20</Dt></ValDt><AcctSvcrRef>ZV20260120/403686</AcctSvcrRef><BkTxCd><Domn><Cd>PMNT</Cd><Fmly><Cd>RCDT</Cd><SubFmlyCd>AUTT</SubFmlyCd></Fmly></Domn></BkTxCd><NtryDtls><Btch><NbOfTxs>1</NbOfTxs><TtlAmt Ccy="CHF">1000</TtlAmt><CdtDbtInd>CRDT</CdtDbtInd></Btch><TxDtls><Refs><AcctSvcrRef>ZV20260120/403686/1</AcctSvcrRef><EndToEndId>NOTPROVIDED</EndToEndId><TxId>20588214666/6XXX</TxId></Refs><Amt Ccy="CHF">1000</Amt><CdtDbtInd>CRDT</CdtDbtInd><AmtDtls><InstdAmt><Amt Ccy="CHF">1000</Amt></InstdAmt><TxAmt><Amt Ccy="CHF">1000</Amt></TxAmt></AmtDtls><RltdPties><Dbtr><Nm>Falquet Renovation Sarl</Nm><PstlAdr><StrtNm>Chemin de la Gentille</StrtNm><BldgNb>19</BldgNb><PstCd>1222</PstCd><TwnNm>Vesenaz</TwnNm><Ctry>CH</Ctry></PstlAdr></Dbtr><DbtrAcct><Id><IBAN>CH7480808009141706154</IBAN></Id></DbtrAcct><UltmtDbtr><Nm>FALQUET Renovation</Nm><PstlAdr><StrtNm>Chemin de la Gentille</StrtNm><BldgNb>19a</BldgNb><PstCd>1222</PstCd><TwnNm>Vesenaz</TwnNm><Ctry>CH</Ctry></PstlAdr></UltmtDbtr><Cdtr><Nm>BECO - titulaire BERRA Nicole</Nm><PstlAdr><AdrLine>1203 Genève</AdrLine></PstlAdr></Cdtr></RltdPties><RltdAgts><DbtrAgt><FinInstnId><ClrSysMmbId><ClrSysId><Cd>CHSIC</Cd></ClrSysId><MmbId>801876</MmbId></ClrSysMmbId></FinInstnId></DbtrAgt></RltdAgts><AddtlTxInf>Crédit FALQUET Renovation</AddtlTxInf></TxDtls></NtryDtls><AddtlNtryInf>Crédit FALQUET Renovation</AddtlNtryInf></Ntry><Ntry><Amt Ccy="CHF">300</Amt><CdtDbtInd>CRDT</CdtDbtInd><RvslInd>false</RvslInd><Sts>BOOK</Sts><BookgDt><Dt>2026-01-20</Dt></BookgDt><ValDt><Dt>2026-01-20</Dt></ValDt><AcctSvcrRef>ZV20260120/403687</AcctSvcrRef><BkTxCd><Domn><Cd>PMNT</Cd><Fmly><Cd>RCDT</Cd><SubFmlyCd>AUTT</SubFmlyCd></Fmly></Domn></BkTxCd><NtryDtls><Btch><NbOfTxs>1</NbOfTxs><TtlAmt Ccy="CHF">300</TtlAmt><CdtDbtInd>CRDT</CdtDbtInd></Btch><TxDtls><Refs><AcctSvcrRef>ZV20260120/403687/1</AcctSvcrRef><EndToEndId>NOTPROVIDED</EndToEndId><TxId>20588214668/6XXX</TxId></Refs><Amt Ccy="CHF">300</Amt><CdtDbtInd>CRDT</CdtDbtInd><AmtDtls><InstdAmt><Amt Ccy="CHF">300</Amt></InstdAmt><TxAmt><Amt Ccy="CHF">300</Amt></TxAmt></AmtDtls><RltdPties><Dbtr><Nm>Falquet Renovation Sarl</Nm><PstlAdr><StrtNm>Chemin de la Gentille</StrtNm><BldgNb>19</BldgNb><PstCd>1222</PstCd><TwnNm>Vesenaz</TwnNm><Ctry>CH</Ctry></PstlAdr></Dbtr><DbtrAcct><Id><IBAN>CH7480808009141706154</IBAN></Id></DbtrAcct><UltmtDbtr><Nm>FALQUET Renovation</Nm><PstlAdr><StrtNm>Chemin de la Gentille</StrtNm><BldgNb>19a</BldgNb><PstCd>1222</PstCd><TwnNm>Vesenaz</TwnNm><Ctry>CH</Ctry></PstlAdr></UltmtDbtr><Cdtr><Nm>BECO - titulaire BERRA Nicole</Nm><PstlAdr><AdrLine>1203 Genève</AdrLine></PstlAdr></Cdtr></RltdPties><RltdAgts><DbtrAgt><FinInstnId><ClrSysMmbId><ClrSysId><Cd>CHSIC</Cd></ClrSysId><MmbId>801876</MmbId></ClrSysMmbId></FinInstnId></DbtrAgt></RltdAgts><AddtlTxInf>Crédit FALQUET Renovation</AddtlTxInf></TxDtls></NtryDtls><AddtlNtryInf>Crédit FALQUET Renovation</AddtlNtryInf></Ntry><Ntry><Amt Ccy="CHF">684.16</Amt><CdtDbtInd>DBIT</CdtDbtInd><RvslInd>false</RvslInd><Sts>BOOK</Sts><BookgDt><Dt>2026-01-20</Dt></BookgDt><ValDt><Dt>2026-01-20</Dt></ValDt><AcctSvcrRef>ZV20260120/413648</AcctSvcrRef><BkTxCd><Domn><Cd>PMNT</Cd><Fmly><Cd>ICDT</Cd><SubFmlyCd>AUTT</SubFmlyCd></Fmly></Domn></BkTxCd><NtryDtls><Btch><NbOfTxs>1</NbOfTxs><TtlAmt Ccy="CHF">684.16</TtlAmt><CdtDbtInd>DBIT</CdtDbtInd></Btch><TxDtls><Refs><AcctSvcrRef>ZV20260120/413648/1</AcctSvcrRef><InstrId>NOTPROVIDED</InstrId><EndToEndId>NOTPROVIDED</EndToEndId></Refs><Amt Ccy="CHF">684.16</Amt><CdtDbtInd>DBIT</CdtDbtInd><AmtDtls><InstdAmt><Amt Ccy="CHF">684.16</Amt></InstdAmt><TxAmt><Amt Ccy="CHF">684.16</Amt></TxAmt></AmtDtls><RltdPties><Dbtr><Nm>BECO - titulaire BERRA Nicole</Nm><PstlAdr><AdrLine>1203 Genève</AdrLine></PstlAdr></Dbtr><Cdtr><Nm>Viking Schweiz GmbH</Nm><PstlAdr><AdrLine>Salinenstrasse 59</AdrLine><AdrLine>4133 Pratteln</AdrLine></PstlAdr></Cdtr><CdtrAcct><Id><IBAN>CH293000523088068202X</IBAN></Id></CdtrAcct></RltdPties><RltdAgts><CdtrAgt><FinInstnId><Nm>UBS Switzerland AG</Nm><PstlAdr><AdrLine>Bahnhofstrasse 45</AdrLine><AdrLine>8098 Zuerich</AdrLine></PstlAdr></FinInstnId></CdtrAgt></RltdAgts><RmtInf><Strd><CdtrRefInf><Tp><CdOrPrtry><Prtry>QRR</Prtry></CdOrPrtry></Tp><Ref>904613101000844890617826406</Ref></CdtrRefInf><AddtlRmtInf>1782640</AddtlRmtInf></Strd></RmtInf><AddtlTxInf>Ordre de paiement Viking Schweiz GmbH</AddtlTxInf></TxDtls></NtryDtls><AddtlNtryInf>Ordre de paiement Viking Schweiz GmbH</AddtlNtryInf></Ntry><Ntry><Amt Ccy="CHF">139.83</Amt><CdtDbtInd>DBIT</CdtDbtInd><RvslInd>false</RvslInd><Sts>BOOK</Sts><BookgDt><Dt>2026-01-20</Dt></BookgDt><ValDt><Dt>2026-01-20</Dt></ValDt><AcctSvcrRef>ZV20260120/413648</AcctSvcrRef><BkTxCd><Domn><Cd>PMNT</Cd><Fmly><Cd>ICDT</Cd><SubFmlyCd>AUTT</SubFmlyCd></Fmly></Domn></BkTxCd><NtryDtls><Btch><NbOfTxs>1</NbOfTxs><TtlAmt Ccy="CHF">139.83</TtlAmt><CdtDbtInd>DBIT</CdtDbtInd></Btch><TxDtls><Refs><AcctSvcrRef>ZV20260120/413648/2</AcctSvcrRef><InstrId>NOTPROVIDED</InstrId><EndToEndId>NOTPROVIDED</EndToEndId></Refs><Amt Ccy="CHF">139.83</Amt><CdtDbtInd>DBIT</CdtDbtInd><AmtDtls><InstdAmt><Amt Ccy="CHF">139.83</Amt></InstdAmt><TxAmt><Amt Ccy="CHF">139.83</Amt></TxAmt></AmtDtls><RltdPties><Dbtr><Nm>BECO - titulaire BERRA Nicole</Nm><PstlAdr><AdrLine>1203 Genève</AdrLine></PstlAdr></Dbtr><Cdtr><Nm>Viking Schweiz GmbH</Nm><PstlAdr><AdrLine>Salinenstrasse 59</AdrLine><AdrLine>4133 Pratteln</AdrLine></PstlAdr></Cdtr><CdtrAcct><Id><IBAN>CH293000523088068202X</IBAN></Id></CdtrAcct></RltdPties><RltdAgts><CdtrAgt><FinInstnId><Nm>UBS Switzerland AG</Nm><PstlAdr><AdrLine>Bahnhofstrasse 45</AdrLine><AdrLine>8098 Zuerich</AdrLine></PstlAdr></FinInstnId></CdtrAgt></RltdAgts><RmtInf><Strd><CdtrRefInf><Tp><CdOrPrtry><Prtry>QRR</Prtry></CdOrPrtry></Tp><Ref>904613101000844890617822400</Ref></CdtrRefInf><AddtlRmtInf>1782240</AddtlRmtInf></Strd></RmtInf><AddtlTxInf>Ordre de paiement Viking Schweiz GmbH</AddtlTxInf></TxDtls></NtryDtls><AddtlNtryInf>Ordre de paiement Viking Schweiz GmbH</AddtlNtryInf></Ntry><Ntry><Amt Ccy="CHF">700</Amt><CdtDbtInd>CRDT</CdtDbtInd><RvslInd>false</RvslInd><Sts>BOOK</Sts><BookgDt><Dt>2026-01-21</Dt></BookgDt><ValDt><Dt>2026-01-21</Dt></ValDt><AcctSvcrRef>ZV20260120/424232</AcctSvcrRef><BkTxCd><Domn><Cd>PMNT</Cd><Fmly><Cd>RCDT</Cd><SubFmlyCd>AUTT</SubFmlyCd></Fmly></Domn></BkTxCd><NtryDtls><Btch><NbOfTxs>1</NbOfTxs><TtlAmt Ccy="CHF">700</TtlAmt><CdtDbtInd>CRDT</CdtDbtInd></Btch><TxDtls><Refs><AcctSvcrRef>ZV20260120/424232/1</AcctSvcrRef><EndToEndId>NOTPROVIDED</EndToEndId></Refs><Amt Ccy="CHF">700</Amt><CdtDbtInd>CRDT</CdtDbtInd><AmtDtls><InstdAmt><Amt Ccy="CHF">700</Amt></InstdAmt><TxAmt><Amt Ccy="CHF">700</Amt></TxAmt></AmtDtls><RltdPties><Dbtr><Nm>ALMATT Sàrl</Nm><PstlAdr><AdrLine>1219 Châtelaine</AdrLine></PstlAdr></Dbtr><Cdtr><Nm>BECO - titulaire BERRA Nicole</Nm><PstlAdr><AdrLine>1203 Genève</AdrLine></PstlAdr></Cdtr></RltdPties><AddtlTxInf>Crédit ALMATT Sàrl</AddtlTxInf></TxDtls></NtryDtls><AddtlNtryInf>Crédit ALMATT Sàrl</AddtlNtryInf></Ntry><Ntry><Amt Ccy="CHF">120</Amt><CdtDbtInd>CRDT</CdtDbtInd><RvslInd>false</RvslInd><Sts>BOOK</Sts><BookgDt><Dt>2026-01-21</Dt></BookgDt><ValDt><Dt>2026-01-21</Dt></ValDt><AcctSvcrRef>ZV20260121/517218</AcctSvcrRef><BkTxCd><Domn><Cd>PMNT</Cd><Fmly><Cd>RCDT</Cd><SubFmlyCd>AUTT</SubFmlyCd></Fmly></Domn></BkTxCd><NtryDtls><Btch><NbOfTxs>1</NbOfTxs><TtlAmt Ccy="CHF">120</TtlAmt><CdtDbtInd>CRDT</CdtDbtInd></Btch><TxDtls><Refs><AcctSvcrRef>ZV20260121/517218/1</AcctSvcrRef><EndToEndId>NOTPROVIDED</EndToEndId><TxId>5474021TO2520559</TxId></Refs><Amt Ccy="CHF">120</Amt><CdtDbtInd>CRDT</CdtDbtInd><AmtDtls><InstdAmt><Amt Ccy="CHF">120</Amt></InstdAmt><TxAmt><Amt Ccy="CHF">120</Amt></TxAmt></AmtDtls><Chrgs><Rcrd><Amt Ccy="CHF">0</Amt><CdtDbtInd>CRDT</CdtDbtInd><Tp><Prtry><Id>SHAR</Id></Prtry></Tp></Rcrd></Chrgs><RltdPties><Dbtr><Nm>SARA ROSIC</Nm><PstlAdr><AdrLine>RUE HUGO DE SENGER 2 CH 1205 GENEVA</AdrLine></PstlAdr></Dbtr><DbtrAcct><Id><IBAN>CH610027427413233040T</IBAN></Id></DbtrAcct><UltmtDbtr><Nm>ROSIC SARA</Nm><PstlAdr><PstCd>52511</PstCd><TwnNm>GEILENKIRCHEN</TwnNm><Ctry>DE</Ctry></PstlAdr></UltmtDbtr><Cdtr><Nm>BECO - titulaire BERRA Nicole</Nm><PstlAdr><AdrLine>1203 Genève</AdrLine></PstlAdr></Cdtr></RltdPties><RltdAgts><DbtrAgt><FinInstnId><ClrSysMmbId><ClrSysId><Cd>CHSIC</Cd></ClrSysId><MmbId>002744</MmbId></ClrSysMmbId></FinInstnId></DbtrAgt></RltdAgts><AddtlTxInf>Crédit ROSIC SARA</AddtlTxInf></TxDtls></NtryDtls><AddtlNtryInf>Crédit ROSIC SARA</AddtlNtryInf></Ntry><Ntry><Amt Ccy="CHF">200</Amt><CdtDbtInd>CRDT</CdtDbtInd><RvslInd>false</RvslInd><Sts>BOOK</Sts><BookgDt><Dt>2026-01-22</Dt></BookgDt><ValDt><Dt>2026-01-22</Dt></ValDt><AcctSvcrRef>ZV20260122/669352</AcctSvcrRef><BkTxCd><Domn><Cd>PMNT</Cd><Fmly><Cd>RCDT</Cd><SubFmlyCd>AUTT</SubFmlyCd></Fmly></Domn></BkTxCd><NtryDtls><Btch><NbOfTxs>1</NbOfTxs><TtlAmt Ccy="CHF">200</TtlAmt><CdtDbtInd>CRDT</CdtDbtInd></Btch><TxDtls><Refs><AcctSvcrRef>ZV20260122/669352/1</AcctSvcrRef><EndToEndId>NOTPROVIDED</EndToEndId><TxId>3473022TO3116369</TxId></Refs><Amt Ccy="CHF">200</Amt><CdtDbtInd>CRDT</CdtDbtInd><AmtDtls><InstdAmt><Amt Ccy="CHF">200</Amt></InstdAmt><TxAmt><Amt Ccy="CHF">200</Amt></TxAmt></AmtDtls><Chrgs><Rcrd><Amt Ccy="CHF">0</Amt><CdtDbtInd>CRDT</CdtDbtInd><Tp><Prtry><Id>SHAR</Id></Prtry></Tp></Rcrd></Chrgs><RltdPties><Dbtr><Nm>FRANCOIS HUTTER</Nm><PstlAdr><AdrLine>RUE DU VIDOLLET 21 CH 1202 GENEVE</AdrLine></PstlAdr></Dbtr><DbtrAcct><Id><IBAN>CH900027327327146540E</IBAN></Id></DbtrAcct><UltmtDbtr><Nm>HUTTER FRANCOIS</Nm><PstlAdr><StrtNm>RUE DU VIDOLLET</StrtNm><BldgNb>21</BldgNb><PstCd>1202</PstCd><TwnNm>GENEVE</TwnNm><Ctry>CH</Ctry></PstlAdr></UltmtDbtr><Cdtr><Nm>BECO - titulaire BERRA Nicole</Nm><PstlAdr><AdrLine>1203 Genève</AdrLine></PstlAdr></Cdtr></RltdPties><RltdAgts><DbtrAgt><FinInstnId><ClrSysMmbId><ClrSysId><Cd>CHSIC</Cd></ClrSysId><MmbId>002736</MmbId></ClrSysMmbId></FinInstnId></DbtrAgt></RltdAgts><AddtlTxInf>Crédit HUTTER FRANCOIS</AddtlTxInf></TxDtls></NtryDtls><AddtlNtryInf>Crédit HUTTER FRANCOIS</AddtlNtryInf></Ntry><Ntry><Amt Ccy="CHF">29.95</Amt><CdtDbtInd>DBIT</CdtDbtInd><RvslInd>false</RvslInd><Sts>BOOK</Sts><BookgDt><Dt>2026-01-23</Dt></BookgDt><ValDt><Dt>2026-01-21</Dt></ValDt><AcctSvcrRef>ZV20260123/852450</AcctSvcrRef><BkTxCd><Domn><Cd>PMNT</Cd><Fmly><Cd>ICDT</Cd><SubFmlyCd>OTHR</SubFmlyCd></Fmly></Domn></BkTxCd><NtryDtls><Btch><NbOfTxs>1</NbOfTxs><TtlAmt Ccy="CHF">29.95</TtlAmt><CdtDbtInd>DBIT</CdtDbtInd></Btch><TxDtls><Refs><AcctSvcrRef>ZV20260123/852450/1</AcctSvcrRef><InstrId>977315</InstrId><EndToEndId>NOTPROVIDED</EndToEndId></Refs><Amt Ccy="CHF">29.95</Amt><CdtDbtInd>DBIT</CdtDbtInd><AmtDtls><InstdAmt><Amt Ccy="CHF">29.95</Amt></InstdAmt></AmtDtls><RltdPties><Dbtr><Nm>NOTPROVIDED</Nm></Dbtr><Cdtr><Nm>BECO - titulaire BERRA Nicole</Nm><PstlAdr><AdrLine>1203 Genève</AdrLine></PstlAdr></Cdtr></RltdPties><RmtInf><Ustrd>21.01.2026 11:48 Manor AG Numéro de carte: 535445******3167  </Ustrd></RmtInf><AddtlTxInf>Achat Mastercard 21.01.2026 11:48 Manor AG Numéro de carte: 535445******3167</AddtlTxInf></TxDtls></NtryDtls><AddtlNtryInf>Achat Mastercard 21.01.2026 11:48 Manor AG Numéro de carte: 535445******3167</AddtlNtryInf></Ntry><Ntry><Amt Ccy="CHF">112.8</Amt><CdtDbtInd>DBIT</CdtDbtInd><RvslInd>false</RvslInd><Sts>BOOK</Sts><BookgDt><Dt>2026-01-23</Dt></BookgDt><ValDt><Dt>2026-01-21</Dt></ValDt><AcctSvcrRef>ZV20260123/852451</AcctSvcrRef><BkTxCd><Domn><Cd>PMNT</Cd><Fmly><Cd>ICDT</Cd><SubFmlyCd>OTHR</SubFmlyCd></Fmly></Domn></BkTxCd><NtryDtls><Btch><NbOfTxs>1</NbOfTxs><TtlAmt Ccy="CHF">112.8</TtlAmt><CdtDbtInd>DBIT</CdtDbtInd></Btch><TxDtls><Refs><AcctSvcrRef>ZV20260123/852451/1</AcctSvcrRef><InstrId>922337</InstrId><EndToEndId>NOTPROVIDED</EndToEndId></Refs><Amt Ccy="CHF">112.8</Amt><CdtDbtInd>DBIT</CdtDbtInd><AmtDtls><InstdAmt><Amt Ccy="CHF">112.8</Amt></InstdAmt></AmtDtls><RltdPties><Dbtr><Nm>NOTPROVIDED</Nm></Dbtr><Cdtr><Nm>BECO - titulaire BERRA Nicole</Nm><PstlAdr><AdrLine>1203 Genève</AdrLine></PstlAdr></Cdtr></RltdPties><RmtInf><Ustrd>21.01.2026 12:05 Manor AG Numéro de carte: 535445******3167  </Ustrd></RmtInf><AddtlTxInf>Achat Mastercard 21.01.2026 12:05 Manor AG Numéro de carte: 535445******3167</AddtlTxInf></TxDtls></NtryDtls><AddtlNtryInf>Achat Mastercard 21.01.2026 12:05 Manor AG Numéro de carte: 535445******3167</AddtlNtryInf></Ntry><Ntry><Amt Ccy="CHF">34.75</Amt><CdtDbtInd>DBIT</CdtDbtInd><RvslInd>false</RvslInd><Sts>BOOK</Sts><BookgDt><Dt>2026-01-23</Dt></BookgDt><ValDt><Dt>2026-01-21</Dt></ValDt><AcctSvcrRef>ZV20260123/852452</AcctSvcrRef><BkTxCd><Domn><Cd>PMNT</Cd><Fmly><Cd>ICDT</Cd><SubFmlyCd>OTHR</SubFmlyCd></Fmly></Domn></BkTxCd><NtryDtls><Btch><NbOfTxs>1</NbOfTxs><TtlAmt Ccy="CHF">34.75</TtlAmt><CdtDbtInd>DBIT</CdtDbtInd></Btch><TxDtls><Refs><AcctSvcrRef>ZV20260123/852452/1</AcctSvcrRef><InstrId>957027</InstrId><EndToEndId>NOTPROVIDED</EndToEndId></Refs><Amt Ccy="CHF">34.75</Amt><CdtDbtInd>DBIT</CdtDbtInd><AmtDtls><InstdAmt><Amt Ccy="CHF">34.75</Amt></InstdAmt></AmtDtls><RltdPties><Dbtr><Nm>NOTPROVIDED</Nm></Dbtr><Cdtr><Nm>BECO - titulaire BERRA Nicole</Nm><PstlAdr><AdrLine>1203 Genève</AdrLine></PstlAdr></Cdtr></RltdPties><RmtInf><Ustrd>21.01.2026 12:09 Manor AG Numéro de carte: 535445******3167  </Ustrd></RmtInf><AddtlTxInf>Achat Mastercard 21.01.2026 12:09 Manor AG Numéro de carte: 535445******3167</AddtlTxInf></TxDtls></NtryDtls><AddtlNtryInf>Achat Mastercard 21.01.2026 12:09 Manor AG Numéro de carte: 535445******3167</AddtlNtryInf></Ntry><Ntry><Amt Ccy="CHF">170</Amt><CdtDbtInd>DBIT</CdtDbtInd><RvslInd>false</RvslInd><Sts>BOOK</Sts><BookgDt><Dt>2026-01-23</Dt></BookgDt><ValDt><Dt>2026-01-21</Dt></ValDt><AcctSvcrRef>ZV20260123/852453</AcctSvcrRef><BkTxCd><Domn><Cd>PMNT</Cd><Fmly><Cd>ICDT</Cd><SubFmlyCd>OTHR</SubFmlyCd></Fmly></Domn></BkTxCd><NtryDtls><Btch><NbOfTxs>1</NbOfTxs><TtlAmt Ccy="CHF">170</TtlAmt><CdtDbtInd>DBIT</CdtDbtInd></Btch><TxDtls><Refs><AcctSvcrRef>ZV20260123/852453/1</AcctSvcrRef><InstrId>298201</InstrId><EndToEndId>NOTPROVIDED</EndToEndId></Refs><Amt Ccy="CHF">170</Amt><CdtDbtInd>DBIT</CdtDbtInd><AmtDtls><InstdAmt><Amt Ccy="CHF">170</Amt></InstdAmt></AmtDtls><RltdPties><Dbtr><Nm>NOTPROVIDED</Nm></Dbtr><Cdtr><Nm>BECO - titulaire BERRA Nicole</Nm><PstlAdr><AdrLine>1203 Genève</AdrLine></PstlAdr></Cdtr></RltdPties><RmtInf><Ustrd>21.01.2026 12:20 Pomp it Up Genève Numéro de carte: 535445******3167  </Ustrd></RmtInf><AddtlTxInf>Achat Mastercard 21.01.2026 12:20 Pomp it Up Genève Numéro de carte: 535445******3167</AddtlTxInf></TxDtls></NtryDtls><AddtlNtryInf>Achat Mastercard 21.01.2026 12:20 Pomp it Up Genève Numéro de carte: 535445******3167</AddtlNtryInf></Ntry><Ntry><Amt Ccy="CHF">1012.5</Amt><CdtDbtInd>DBIT</CdtDbtInd><RvslInd>false</RvslInd><Sts>BOOK</Sts><BookgDt><Dt>2026-01-23</Dt></BookgDt><ValDt><Dt>2026-01-22</Dt></ValDt><AcctSvcrRef>ZV20260123/849666</AcctSvcrRef><BkTxCd><Domn><Cd>PMNT</Cd><Fmly><Cd>ICDT</Cd><SubFmlyCd>OTHR</SubFmlyCd></Fmly></Domn></BkTxCd><Chrgs><TtlChrgsAndTaxAmt Ccy="CHF">12.5</TtlChrgsAndTaxAmt><Rcrd><Amt Ccy="CHF">12.5</Amt><CdtDbtInd>DBIT</CdtDbtInd><ChrgInclInd>true</ChrgInclInd><Tp><Prtry><Id>DébitMarkupDTB</Id></Prtry></Tp><Br>DEBT</Br></Rcrd></Chrgs><NtryDtls><Btch><NbOfTxs>1</NbOfTxs><TtlAmt Ccy="CHF">1012.5</TtlAmt><CdtDbtInd>DBIT</CdtDbtInd></Btch><TxDtls><Refs><AcctSvcrRef>ZV20260123/849666/1</AcctSvcrRef><InstrId>193333</InstrId><EndToEndId>NOTPROVIDED</EndToEndId></Refs><Amt Ccy="CHF">1012.5</Amt><CdtDbtInd>DBIT</CdtDbtInd><AmtDtls><InstdAmt><Amt Ccy="CHF">1000</Amt></InstdAmt></AmtDtls><RltdPties><Dbtr><Nm>NOTPROVIDED</Nm></Dbtr><Cdtr><Nm>BECO - titulaire BERRA Nicole</Nm><PstlAdr><AdrLine>1203 Genève</AdrLine></PstlAdr></Cdtr></RltdPties><RmtInf><Ustrd>22.01.2026 02:38 Wise Numéro de carte: 535445******7727  </Ustrd></RmtInf><AddtlTxInf>Achat Mastercard 22.01.2026 02:38 Wise Numéro de carte: 535445******7727</AddtlTxInf></TxDtls></NtryDtls><AddtlNtryInf>Achat Mastercard 22.01.2026 02:38 Wise Numéro de carte: 535445******7727</AddtlNtryInf></Ntry><Ntry><Amt Ccy="CHF">41.95</Amt><CdtDbtInd>DBIT</CdtDbtInd><RvslInd>false</RvslInd><Sts>BOOK</Sts><BookgDt><Dt>2026-01-23</Dt></BookgDt><ValDt><Dt>2026-01-22</Dt></ValDt><AcctSvcrRef>ZV20260123/897913</AcctSvcrRef><BkTxCd><Domn><Cd>PMNT</Cd><Fmly><Cd>ICDT</Cd><SubFmlyCd>OTHR</SubFmlyCd></Fmly></Domn></BkTxCd><Chrgs><TtlChrgsAndTaxAmt Ccy="CHF">4</TtlChrgsAndTaxAmt><Rcrd><Amt Ccy="CHF">4</Amt><CdtDbtInd>DBIT</CdtDbtInd><ChrgInclInd>true</ChrgInclInd><Tp><Prtry><Id>Frais prop.BM</Id></Prtry></Tp><Br>DEBT</Br></Rcrd></Chrgs><NtryDtls><Btch><NbOfTxs>1</NbOfTxs><TtlAmt Ccy="CHF">41.95</TtlAmt><CdtDbtInd>DBIT</CdtDbtInd></Btch><TxDtls><Refs><AcctSvcrRef>ZV20260123/897913/1</AcctSvcrRef><InstrId>229916</InstrId><EndToEndId>NOTPROVIDED</EndToEndId></Refs><Amt Ccy="CHF">41.95</Amt><CdtDbtInd>DBIT</CdtDbtInd><AmtDtls><InstdAmt><Amt Ccy="EUR">40</Amt></InstdAmt></AmtDtls><RltdPties><Dbtr><Nm>NOTPROVIDED</Nm></Dbtr><Cdtr><Nm>BECO - titulaire BERRA Nicole</Nm><PstlAdr><AdrLine>1203 Genève</AdrLine></PstlAdr></Cdtr></RltdPties><RmtInf><Ustrd>22.01.2026 15:28 UBS Cointrin Numéro de carte: 535445******7727 Montant: EUR 40.00 </Ustrd></RmtInf><AddtlTxInf>Retrait BM 22.01.2026 15:28 UBS Cointrin Numéro de carte: 535445******7727 Montant: EUR 40.00</AddtlTxInf></TxDtls></NtryDtls><AddtlNtryInf>Retrait BM 22.01.2026 15:28 UBS Cointrin Numéro de carte: 535445******7727 Montant: EUR 40.00</AddtlNtryInf></Ntry><Ntry><Amt Ccy="CHF">70</Amt><CdtDbtInd>DBIT</CdtDbtInd><RvslInd>false</RvslInd><Sts>BOOK</Sts><BookgDt><Dt>2026-01-26</Dt></BookgDt><ValDt><Dt>2026-01-22</Dt></ValDt><AcctSvcrRef>ZV20260126/323125</AcctSvcrRef><BkTxCd><Domn><Cd>PMNT</Cd><Fmly><Cd>ICDT</Cd><SubFmlyCd>OTHR</SubFmlyCd></Fmly></Domn></BkTxCd><NtryDtls><Btch><NbOfTxs>1</NbOfTxs><TtlAmt Ccy="CHF">70</TtlAmt><CdtDbtInd>DBIT</CdtDbtInd></Btch><TxDtls><Refs><AcctSvcrRef>ZV20260126/323125/1</AcctSvcrRef><InstrId>914672</InstrId><EndToEndId>NOTPROVIDED</EndToEndId></Refs><Amt Ccy="CHF">70</Amt><CdtDbtInd>DBIT</CdtDbtInd><AmtDtls><InstdAmt><Amt Ccy="CHF">70</Amt></InstdAmt></AmtDtls><RltdPties><Dbtr><Nm>NOTPROVIDED</Nm></Dbtr><Cdtr><Nm>BECO - titulaire BERRA Nicole</Nm><PstlAdr><AdrLine>1203 Genève</AdrLine></PstlAdr></Cdtr></RltdPties><RmtInf><Ustrd>22.01.2026 15:34 EXCESS BAGGAGE GENEVE Numéro de carte: 535445******7727  </Ustrd></RmtInf><AddtlTxInf>Achat Mastercard 22.01.2026 15:34 EXCESS BAGGAGE GENEVE Numéro de carte: 535445******7727</AddtlTxInf></TxDtls></NtryDtls><AddtlNtryInf>Achat Mastercard 22.01.2026 15:34 EXCESS BAGGAGE GENEVE Numéro de carte: 535445******7727</AddtlNtryInf></Ntry><Ntry><Amt Ccy="CHF">100</Amt><CdtDbtInd>DBIT</CdtDbtInd><RvslInd>false</RvslInd><Sts>BOOK</Sts><BookgDt><Dt>2026-01-26</Dt></BookgDt><ValDt><Dt>2026-01-22</Dt></ValDt><AcctSvcrRef>ZV20260126/323126</AcctSvcrRef><BkTxCd><Domn><Cd>PMNT</Cd><Fmly><Cd>ICDT</Cd><SubFmlyCd>OTHR</SubFmlyCd></Fmly></Domn></BkTxCd><NtryDtls><Btch><NbOfTxs>1</NbOfTxs><TtlAmt Ccy="CHF">100</TtlAmt><CdtDbtInd>DBIT</CdtDbtInd></Btch><TxDtls><Refs><AcctSvcrRef>ZV20260126/323126/1</AcctSvcrRef><InstrId>709172</InstrId><EndToEndId>NOTPROVIDED</EndToEndId></Refs><Amt Ccy="CHF">100</Amt><CdtDbtInd>DBIT</CdtDbtInd><AmtDtls><InstdAmt><Amt Ccy="CHF">100</Amt></InstdAmt></AmtDtls><RltdPties><Dbtr><Nm>NOTPROVIDED</Nm></Dbtr><Cdtr><Nm>BECO - titulaire BERRA Nicole</Nm><PstlAdr><AdrLine>1203 Genève</AdrLine></PstlAdr></Cdtr></RltdPties><RmtInf><Ustrd>22.01.2026 14:29 Revolut**5642* Numéro de carte: 535445******7727  </Ustrd></RmtInf><AddtlTxInf>Achat Mastercard 22.01.2026 14:29 Revolut**5642* Numéro de carte: 535445******7727</AddtlTxInf></TxDtls></NtryDtls><AddtlNtryInf>Achat Mastercard 22.01.2026 14:29 Revolut**5642* Numéro de carte: 535445******7727</AddtlNtryInf></Ntry><Ntry><Amt Ccy="CHF">300</Amt><CdtDbtInd>DBIT</CdtDbtInd><RvslInd>false</RvslInd><Sts>BOOK</Sts><BookgDt><Dt>2026-01-26</Dt></BookgDt><ValDt><Dt>2026-01-23</Dt></ValDt><AcctSvcrRef>ZV20260126/215109</AcctSvcrRef><BkTxCd><Domn><Cd>PMNT</Cd><Fmly><Cd>ICDT</Cd><SubFmlyCd>OTHR</SubFmlyCd></Fmly></Domn></BkTxCd><NtryDtls><Btch><NbOfTxs>1</NbOfTxs><TtlAmt Ccy="CHF">300</TtlAmt><CdtDbtInd>DBIT</CdtDbtInd></Btch><TxDtls><Refs><AcctSvcrRef>ZV20260126/215109/1</AcctSvcrRef><InstrId>332355</InstrId><EndToEndId>NOTPROVIDED</EndToEndId></Refs><Amt Ccy="CHF">300</Amt><CdtDbtInd>DBIT</CdtDbtInd><AmtDtls><InstdAmt><Amt Ccy="CHF">300</Amt></InstdAmt></AmtDtls><RltdPties><Dbtr><Nm>NOTPROVIDED</Nm></Dbtr><Cdtr><Nm>BECO - titulaire BERRA Nicole</Nm><PstlAdr><AdrLine>1203 Genève</AdrLine></PstlAdr></Cdtr></RltdPties><RmtInf><Ustrd>23.01.2026 20:14 Revolut**5642* Numéro de carte: 535445******7727  </Ustrd></RmtInf><AddtlTxInf>Achat Mastercard 23.01.2026 20:14 Revolut**5642* Numéro de carte: 535445******7727</AddtlTxInf></TxDtls></NtryDtls><AddtlNtryInf>Achat Mastercard 23.01.2026 20:14 Revolut**5642* Numéro de carte: 535445******7727</AddtlNtryInf></Ntry><Ntry><Amt Ccy="CHF">12.1</Amt><CdtDbtInd>DBIT</CdtDbtInd><RvslInd>false</RvslInd><Sts>BOOK</Sts><BookgDt><Dt>2026-01-26</Dt></BookgDt><ValDt><Dt>2026-01-24</Dt></ValDt><AcctSvcrRef>ZV20260126/104118</AcctSvcrRef><BkTxCd><Domn><Cd>PMNT</Cd><Fmly><Cd>ICDT</Cd><SubFmlyCd>OTHR</SubFmlyCd></Fmly></Domn></BkTxCd><NtryDtls><Btch><NbOfTxs>1</NbOfTxs><TtlAmt Ccy="CHF">12.1</TtlAmt><CdtDbtInd>DBIT</CdtDbtInd></Btch><TxDtls><Refs><AcctSvcrRef>ZV20260126/104118/1</AcctSvcrRef><InstrId>567050</InstrId><EndToEndId>NOTPROVIDED</EndToEndId></Refs><Amt Ccy="CHF">12.1</Amt><CdtDbtInd>DBIT</CdtDbtInd><AmtDtls><InstdAmt><Amt Ccy="CHF">12.1</Amt></InstdAmt></AmtDtls><RltdPties><Dbtr><Nm>NOTPROVIDED</Nm></Dbtr><Cdtr><Nm>BECO - titulaire BERRA Nicole</Nm><PstlAdr><AdrLine>1203 Genève</AdrLine></PstlAdr></Cdtr></RltdPties><RmtInf><Ustrd>24.01.2026 17:23 Starbucks 19796 Numéro de carte: 535445******7727  </Ustrd></RmtInf><AddtlTxInf>Achat Mastercard 24.01.2026 17:23 Starbucks 19796 Numéro de carte: 535445******7727</AddtlTxInf></TxDtls></NtryDtls><AddtlNtryInf>Achat Mastercard 24.01.2026 17:23 Starbucks 19796 Numéro de carte: 535445******7727</AddtlNtryInf></Ntry><Ntry><Amt Ccy="CHF">500</Amt><CdtDbtInd>CRDT</CdtDbtInd><RvslInd>false</RvslInd><Sts>BOOK</Sts><BookgDt><Dt>2026-01-26</Dt></BookgDt><ValDt><Dt>2026-01-26</Dt></ValDt><AcctSvcrRef>ZV20260126/176059</AcctSvcrRef><BkTxCd><Domn><Cd>PMNT</Cd><Fmly><Cd>RCDT</Cd><SubFmlyCd>AUTT</SubFmlyCd></Fmly></Domn></BkTxCd><NtryDtls><Btch><NbOfTxs>1</NbOfTxs><TtlAmt Ccy="CHF">500</TtlAmt><CdtDbtInd>CRDT</CdtDbtInd></Btch><TxDtls><Refs><AcctSvcrRef>ZV20260126/176059/1</AcctSvcrRef><EndToEndId>NOTPROVIDED</EndToEndId><TxId>20605861953/6XXX</TxId></Refs><Amt Ccy="CHF">500</Amt><CdtDbtInd>CRDT</CdtDbtInd><AmtDtls><InstdAmt><Amt Ccy="CHF">500</Amt></InstdAmt><TxAmt><Amt Ccy="CHF">500</Amt></TxAmt></AmtDtls><RltdPties><Dbtr><Nm>L.A management + consulting Sarl</Nm><PstlAdr><StrtNm>Carrefour de Rive</StrtNm><BldgNb>1</BldgNb><PstCd>1207</PstCd><TwnNm>Geneve</TwnNm><Ctry>CH</Ctry></PstlAdr></Dbtr><DbtrAcct><Id><IBAN>CH3180808005009211175</IBAN></Id></DbtrAcct><UltmtDbtr><Nm>L.A. management + consulting Sarl</Nm><PstlAdr><StrtNm>Carrefour de Rive</StrtNm><BldgNb>1</BldgNb><PstCd>1207</PstCd><TwnNm>Geneve</TwnNm><Ctry>CH</Ctry></PstlAdr></UltmtDbtr><Cdtr><Nm>BECO - titulaire BERRA Nicole</Nm><PstlAdr><AdrLine>1203 Genève</AdrLine></PstlAdr></Cdtr></RltdPties><RltdAgts><DbtrAgt><FinInstnId><ClrSysMmbId><ClrSysId><Cd>CHSIC</Cd></ClrSysId><MmbId>801876</MmbId></ClrSysMmbId></FinInstnId></DbtrAgt></RltdAgts><RmtInf><Ustrd>Facture BECO - Comptabilite annuelle 2025, Declaration fiscale de la societe incluse</Ustrd></RmtInf><AddtlTxInf>Crédit L.A. management + consulting Sarl</AddtlTxInf></TxDtls></NtryDtls><AddtlNtryInf>Crédit L.A. management + consulting Sarl</AddtlNtryInf></Ntry><Ntry><Amt Ccy="CHF">1100</Amt><CdtDbtInd>DBIT</CdtDbtInd><RvslInd>false</RvslInd><Sts>BOOK</Sts><BookgDt><Dt>2026-01-26</Dt></BookgDt><ValDt><Dt>2026-01-26</Dt></ValDt><BkTxCd><Domn><Cd>PMNT</Cd><Fmly><Cd>ICDT</Cd><SubFmlyCd>OTHR</SubFmlyCd></Fmly></Domn></BkTxCd><NtryDtls><TxDtls><Refs><InstrId>NOTPROVIDED</InstrId><EndToEndId>NOTPROVIDED</EndToEndId></Refs><Amt Ccy="CHF">1100</Amt><CdtDbtInd>DBIT</CdtDbtInd></TxDtls></NtryDtls><AddtlNtryInf>Retrait bancomat CHF 1,100.00, 26.01.2026 14:19, 78800634 Servette-Wendt, carte: 535445******7727</AddtlNtryInf></Ntry><Ntry><Amt Ccy="CHF">24.5</Amt><CdtDbtInd>DBIT</CdtDbtInd><RvslInd>false</RvslInd><Sts>BOOK</Sts><BookgDt><Dt>2026-01-27</Dt></BookgDt><ValDt><Dt>2026-01-25</Dt></ValDt><AcctSvcrRef>ZV20260127/540224</AcctSvcrRef><BkTxCd><Domn><Cd>PMNT</Cd><Fmly><Cd>ICDT</Cd><SubFmlyCd>OTHR</SubFmlyCd></Fmly></Domn></BkTxCd><NtryDtls><Btch><NbOfTxs>1</NbOfTxs><TtlAmt Ccy="CHF">24.5</TtlAmt><CdtDbtInd>DBIT</CdtDbtInd></Btch><TxDtls><Refs><AcctSvcrRef>ZV20260127/540224/1</AcctSvcrRef><InstrId>166880</InstrId><EndToEndId>NOTPROVIDED</EndToEndId></Refs><Amt Ccy="CHF">24.5</Amt><CdtDbtInd>DBIT</CdtDbtInd><AmtDtls><InstdAmt><Amt Ccy="CHF">24.5</Amt></InstdAmt></AmtDtls><RltdPties><Dbtr><Nm>NOTPROVIDED</Nm></Dbtr><Cdtr><Nm>BECO - titulaire BERRA Nicole</Nm><PstlAdr><AdrLine>1203 Genève</AdrLine></PstlAdr></Cdtr></RltdPties><RmtInf><Ustrd>25.01.2026 14:10 Ladurée Paris- Montreu Numéro de carte: 535445******7727  </Ustrd></RmtInf><AddtlTxInf>Achat Mastercard 25.01.2026 14:10 Ladurée Paris- Montreu Numéro de carte: 535445******7727</AddtlTxInf></TxDtls></NtryDtls><AddtlNtryInf>Achat Mastercard 25.01.2026 14:10 Ladurée Paris- Montreu Numéro de carte: 535445******7727</AddtlNtryInf></Ntry><Ntry><Amt Ccy="CHF">195</Amt><CdtDbtInd>DBIT</CdtDbtInd><RvslInd>false</RvslInd><Sts>BOOK</Sts><BookgDt><Dt>2026-01-27</Dt></BookgDt><ValDt><Dt>2026-01-25</Dt></ValDt><AcctSvcrRef>ZV20260127/540225</AcctSvcrRef><BkTxCd><Domn><Cd>PMNT</Cd><Fmly><Cd>ICDT</Cd><SubFmlyCd>OTHR</SubFmlyCd></Fmly></Domn></BkTxCd><NtryDtls><Btch><NbOfTxs>1</NbOfTxs><TtlAmt Ccy="CHF">195</TtlAmt><CdtDbtInd>DBIT</CdtDbtInd></Btch><TxDtls><Refs><AcctSvcrRef>ZV20260127/540225/1</AcctSvcrRef><InstrId>153332</InstrId><EndToEndId>NOTPROVIDED</EndToEndId></Refs><Amt Ccy="CHF">195</Amt><CdtDbtInd>DBIT</CdtDbtInd><AmtDtls><InstdAmt><Amt Ccy="CHF">195</Amt></InstdAmt></AmtDtls><RltdPties><Dbtr><Nm>NOTPROVIDED</Nm></Dbtr><Cdtr><Nm>BECO - titulaire BERRA Nicole</Nm><PstlAdr><AdrLine>1203 Genève</AdrLine></PstlAdr></Cdtr></RltdPties><RmtInf><Ustrd>25.01.2026 14:06 Restaurant au Parc Numéro de carte: 535445******7727  </Ustrd></RmtInf><AddtlTxInf>Achat Mastercard 25.01.2026 14:06 Restaurant au Parc Numéro de carte: 535445******7727</AddtlTxInf></TxDtls></NtryDtls><AddtlNtryInf>Achat Mastercard 25.01.2026 14:06 Restaurant au Parc Numéro de carte: 535445******7727</AddtlNtryInf></Ntry><Ntry><Amt Ccy="CHF">141.63</Amt><CdtDbtInd>DBIT</CdtDbtInd><RvslInd>false</RvslInd><Sts>BOOK</Sts><BookgDt><Dt>2026-01-27</Dt></BookgDt><ValDt><Dt>2026-01-27</Dt></ValDt><AcctSvcrRef>ZV20260126/466136</AcctSvcrRef><BkTxCd><Domn><Cd>PMNT</Cd><Fmly><Cd>ICDT</Cd><SubFmlyCd>AUTT</SubFmlyCd></Fmly></Domn></BkTxCd><NtryDtls><Btch><NbOfTxs>1</NbOfTxs><TtlAmt Ccy="CHF">141.63</TtlAmt><CdtDbtInd>DBIT</CdtDbtInd></Btch><TxDtls><Refs><AcctSvcrRef>ZV20260126/466136/1</AcctSvcrRef><InstrId>NOTPROVIDED</InstrId><EndToEndId>NOTPROVIDED</EndToEndId></Refs><Amt Ccy="CHF">141.63</Amt><CdtDbtInd>DBIT</CdtDbtInd><AmtDtls><InstdAmt><Amt Ccy="CHF">141.63</Amt></InstdAmt><TxAmt><Amt Ccy="CHF">141.63</Amt></TxAmt></AmtDtls><RltdPties><Dbtr><Nm>BECO - titulaire BERRA Nicole</Nm><PstlAdr><AdrLine>1203 Genève</AdrLine></PstlAdr></Dbtr><Cdtr><Nm>Lyreco Switzerland AG</Nm><PstlAdr><AdrLine>Riedstrasse 4</AdrLine><AdrLine>8953 Dietikon</AdrLine></PstlAdr></Cdtr><CdtrAcct><Id><IBAN>CH033000523026894601K</IBAN></Id></CdtrAcct></RltdPties><RltdAgts><CdtrAgt><FinInstnId><Nm>UBS Switzerland AG</Nm><PstlAdr><AdrLine>Bahnhofstrasse 45</AdrLine><AdrLine>8098 Zuerich</AdrLine></PstlAdr></FinInstnId></CdtrAgt></RltdAgts><RmtInf><Strd><CdtrRefInf><Tp><CdOrPrtry><Prtry>QRR</Prtry></CdOrPrtry></Tp><Ref>227919000423057128038879595</Ref></CdtrRefInf></Strd></RmtInf><AddtlTxInf>Ordre de paiement Lyreco Switzerland AG</AddtlTxInf></TxDtls></NtryDtls><AddtlNtryInf>Ordre de paiement Lyreco Switzerland AG</AddtlNtryInf></Ntry><Ntry><Amt Ccy="CHF">223.16</Amt><CdtDbtInd>DBIT</CdtDbtInd><RvslInd>false</RvslInd><Sts>BOOK</Sts><BookgDt><Dt>2026-01-27</Dt></BookgDt><ValDt><Dt>2026-01-27</Dt></ValDt><AcctSvcrRef>ZV20260126/466136</AcctSvcrRef><BkTxCd><Domn><Cd>PMNT</Cd><Fmly><Cd>ICDT</Cd><SubFmlyCd>AUTT</SubFmlyCd></Fmly></Domn></BkTxCd><NtryDtls><Btch><NbOfTxs>1</NbOfTxs><TtlAmt Ccy="CHF">223.16</TtlAmt><CdtDbtInd>DBIT</CdtDbtInd></Btch><TxDtls><Refs><AcctSvcrRef>ZV20260126/466136/2</AcctSvcrRef><InstrId>NOTPROVIDED</InstrId><EndToEndId>NOTPROVIDED</EndToEndId></Refs><Amt Ccy="CHF">223.16</Amt><CdtDbtInd>DBIT</CdtDbtInd><AmtDtls><InstdAmt><Amt Ccy="CHF">223.16</Amt></InstdAmt><TxAmt><Amt Ccy="CHF">223.16</Amt></TxAmt></AmtDtls><RltdPties><Dbtr><Nm>BECO - titulaire BERRA Nicole</Nm><PstlAdr><AdrLine>1203 Genève</AdrLine></PstlAdr></Dbtr><Cdtr><Nm>Lyreco Switzerland AG</Nm><PstlAdr><AdrLine>Riedstrasse 4</AdrLine><AdrLine>8953 Dietikon</AdrLine></PstlAdr></Cdtr><CdtrAcct><Id><IBAN>CH033000523026894601K</IBAN></Id></CdtrAcct></RltdPties><RltdAgts><CdtrAgt><FinInstnId><Nm>UBS Switzerland AG</Nm><PstlAdr><AdrLine>Bahnhofstrasse 45</AdrLine><AdrLine>8098 Zuerich</AdrLine></PstlAdr></FinInstnId></CdtrAgt></RltdAgts><RmtInf><Strd><CdtrRefInf><Tp><CdOrPrtry><Prtry>QRR</Prtry></CdOrPrtry></Tp><Ref>227919000423057128038379380</Ref></CdtrRefInf></Strd></RmtInf><AddtlTxInf>Ordre de paiement Lyreco Switzerland AG</AddtlTxInf></TxDtls></NtryDtls><AddtlNtryInf>Ordre de paiement Lyreco Switzerland AG</AddtlNtryInf></Ntry><Ntry><Amt Ccy="CHF">47.3</Amt><CdtDbtInd>DBIT</CdtDbtInd><RvslInd>false</RvslInd><Sts>BOOK</Sts><BookgDt><Dt>2026-01-28</Dt></BookgDt><ValDt><Dt>2026-01-26</Dt></ValDt><AcctSvcrRef>ZV20260128/711616</AcctSvcrRef><BkTxCd><Domn><Cd>PMNT</Cd><Fmly><Cd>ICDT</Cd><SubFmlyCd>OTHR</SubFmlyCd></Fmly></Domn></BkTxCd><NtryDtls><Btch><NbOfTxs>1</NbOfTxs><TtlAmt Ccy="CHF">47.3</TtlAmt><CdtDbtInd>DBIT</CdtDbtInd></Btch><TxDtls><Refs><AcctSvcrRef>ZV20260128/711616/1</AcctSvcrRef><InstrId>333753</InstrId><EndToEndId>NOTPROVIDED</EndToEndId></Refs><Amt Ccy="CHF">47.3</Amt><CdtDbtInd>DBIT</CdtDbtInd><AmtDtls><InstdAmt><Amt Ccy="CHF">47.3</Amt></InstdAmt></AmtDtls><RltdPties><Dbtr><Nm>NOTPROVIDED</Nm></Dbtr><Cdtr><Nm>BECO - titulaire BERRA Nicole</Nm><PstlAdr><AdrLine>1203 Genève</AdrLine></PstlAdr></Cdtr></RltdPties><RmtInf><Ustrd>26.01.2026 19:12 McDonalds 780236 Numéro de carte: 535445******7727  </Ustrd></RmtInf><AddtlTxInf>Achat Mastercard 26.01.2026 19:12 McDonalds 780236 Numéro de carte: 535445******7727</AddtlTxInf></TxDtls></NtryDtls><AddtlNtryInf>Achat Mastercard 26.01.2026 19:12 McDonalds 780236 Numéro de carte: 535445******7727</AddtlNtryInf></Ntry><Ntry><Amt Ccy="CHF">450</Amt><CdtDbtInd>CRDT</CdtDbtInd><RvslInd>false</RvslInd><Sts>BOOK</Sts><BookgDt><Dt>2026-01-28</Dt></BookgDt><ValDt><Dt>2026-01-28</Dt></ValDt><AcctSvcrRef>ZV20260127/661171</AcctSvcrRef><BkTxCd><Domn><Cd>PMNT</Cd><Fmly><Cd>RCDT</Cd><SubFmlyCd>AUTT</SubFmlyCd></Fmly></Domn></BkTxCd><NtryDtls><Btch><NbOfTxs>1</NbOfTxs><TtlAmt Ccy="CHF">450</TtlAmt><CdtDbtInd>CRDT</CdtDbtInd></Btch><TxDtls><Refs><AcctSvcrRef>ZV20260127/661171/8</AcctSvcrRef><EndToEndId>NOTPROVIDED</EndToEndId></Refs><Amt Ccy="CHF">450</Amt><CdtDbtInd>CRDT</CdtDbtInd><AmtDtls><InstdAmt><Amt Ccy="CHF">450</Amt></InstdAmt><TxAmt><Amt Ccy="CHF">450</Amt></TxAmt></AmtDtls><RltdPties><Dbtr><Nm>RM Montage Sàrl</Nm><PstlAdr><AdrLine>1219 Châtelaine</AdrLine></PstlAdr></Dbtr><Cdtr><Nm>BECO - titulaire BERRA Nicole</Nm><PstlAdr><AdrLine>1203 Genève</AdrLine></PstlAdr></Cdtr></RltdPties><AddtlTxInf>Crédit RM Montage Sàrl</AddtlTxInf></TxDtls></NtryDtls><AddtlNtryInf>Crédit RM Montage Sàrl</AddtlNtryInf></Ntry><Ntry><Amt Ccy="CHF">250</Amt><CdtDbtInd>CRDT</CdtDbtInd><RvslInd>false</RvslInd><Sts>BOOK</Sts><BookgDt><Dt>2026-01-29</Dt></BookgDt><ValDt><Dt>2026-01-29</Dt></ValDt><AcctSvcrRef>ZV20260129/043603</AcctSvcrRef><BkTxCd><Domn><Cd>PMNT</Cd><Fmly><Cd>RCDT</Cd><SubFmlyCd>AUTT</SubFmlyCd></Fmly></Domn></BkTxCd><NtryDtls><Btch><NbOfTxs>1</NbOfTxs><TtlAmt Ccy="CHF">250</TtlAmt><CdtDbtInd>CRDT</CdtDbtInd></Btch><TxDtls><Refs><AcctSvcrRef>ZV20260129/043603/2</AcctSvcrRef><EndToEndId>NOTPROVIDED</EndToEndId></Refs><Amt Ccy="CHF">250</Amt><CdtDbtInd>CRDT</CdtDbtInd><AmtDtls><InstdAmt><Amt Ccy="CHF">250</Amt></InstdAmt><TxAmt><Amt Ccy="CHF">250</Amt></TxAmt></AmtDtls><RltdPties><Dbtr><Nm>Toutou Propre Sàrl</Nm><PstlAdr><AdrLine>1227 Carouge GE</AdrLine></PstlAdr></Dbtr><UltmtDbtr><Nm>Toutou Propre Sàrl</Nm><PstlAdr><StrtNm>Rue Ancienne</StrtNm><BldgNb>3</BldgNb><PstCd>1227</PstCd><TwnNm>Carouge GE</TwnNm><Ctry>CH</Ctry></PstlAdr></UltmtDbtr><Cdtr><Nm>BECO - titulaire BERRA Nicole</Nm><PstlAdr><AdrLine>1203 Genève</AdrLine></PstlAdr></Cdtr></RltdPties><RmtInf><Ustrd>Comptabilité Janvier 2026</Ustrd></RmtInf><AddtlTxInf>Crédit Toutou Propre Sàrl</AddtlTxInf></TxDtls></NtryDtls><AddtlNtryInf>Crédit Toutou Propre Sàrl</AddtlNtryInf></Ntry><Ntry><Amt Ccy="CHF">200</Amt><CdtDbtInd>CRDT</CdtDbtInd><RvslInd>false</RvslInd><Sts>BOOK</Sts><BookgDt><Dt>2026-01-30</Dt></BookgDt><ValDt><Dt>2026-01-30</Dt></ValDt><AcctSvcrRef>ZV20260130/309298</AcctSvcrRef><BkTxCd><Domn><Cd>PMNT</Cd><Fmly><Cd>RCDT</Cd><SubFmlyCd>AUTT</SubFmlyCd></Fmly></Domn></BkTxCd><NtryDtls><Btch><NbOfTxs>1</NbOfTxs><TtlAmt Ccy="CHF">200</TtlAmt><CdtDbtInd>CRDT</CdtDbtInd></Btch><TxDtls><Refs><AcctSvcrRef>ZV20260130/309298/1</AcctSvcrRef><EndToEndId>20260129071902833076</EndToEndId><TxId>750351678026030E</TxId></Refs><Amt Ccy="CHF">200</Amt><CdtDbtInd>CRDT</CdtDbtInd><AmtDtls><InstdAmt><Amt Ccy="CHF">200</Amt></InstdAmt><TxAmt><Amt Ccy="CHF">200</Amt></TxAmt></AmtDtls><RltdPties><Dbtr><Nm>ERNEST CHABOWSKI</Nm><PstlAdr><StrtNm>17 AVENUE DU BAS CHABLAIS</StrtNm><PstCd>74140</PstCd><TwnNm>DOUVAINE</TwnNm><Ctry>FR</Ctry></PstlAdr></Dbtr><DbtrAcct><Id><IBAN>CH7500767000K54687480</IBAN></Id></DbtrAcct><Cdtr><Nm>BECO - titulaire BERRA Nicole</Nm><PstlAdr><AdrLine>1203 Genève</AdrLine></PstlAdr></Cdtr></RltdPties><RltdAgts><DbtrAgt><FinInstnId><ClrSysMmbId><ClrSysId><Cd>CHSIC</Cd></ClrSysId><MmbId>007677</MmbId></ClrSysMmbId></FinInstnId></DbtrAgt></RltdAgts><AddtlTxInf>Crédit ERNEST CHABOWSKI</AddtlTxInf></TxDtls></NtryDtls><AddtlNtryInf>Crédit ERNEST CHABOWSKI</AddtlNtryInf></Ntry><Ntry><Amt Ccy="CHF">500</Amt><CdtDbtInd>DBIT</CdtDbtInd><RvslInd>false</RvslInd><Sts>BOOK</Sts><BookgDt><Dt>2026-01-30</Dt></BookgDt><ValDt><Dt>2026-01-30</Dt></ValDt><BkTxCd><Domn><Cd>PMNT</Cd><Fmly><Cd>ICDT</Cd><SubFmlyCd>OTHR</SubFmlyCd></Fmly></Domn></BkTxCd><NtryDtls><TxDtls><Refs><InstrId>NOTPROVIDED</InstrId><EndToEndId>NOTPROVIDED</EndToEndId></Refs><Amt Ccy="CHF">500</Amt><CdtDbtInd>DBIT</CdtDbtInd></TxDtls></NtryDtls><AddtlNtryInf>Retrait bancomat CHF 500.00, 30.01.2026 11:28, 78800635 Servette-Wendt, carte: 535445******7727</AddtlNtryInf></Ntry></Stmt></BkToCstmrStmt></Document>